2542 4480
920 319 960 372 ιι

55 427 121 502 sive
153 420 262 524 hujus
294 417 410 523 ipsius
443 417 647 498 affectionis
681 430 873 520 naturam,
907 325 1020 496 fabiis

54 545 261 648 epidenioae
292 543 498 620 characteri
532 567 555 616 e
588 541 770 639 diametro
804 545 1022 646 oppositam

54 667 335 746 consideraveris.
362 663 552 767 Quicquid
568 687 656 740 vero
684 665 750 765 sit,
779 669 1018 776 rationeque
1047 677 1050 682 '

54 817 89 866 ao
110 792 349 894 experientia,
378 803 486 864 oaute
501 787 705 864 admodum
729 787 791 863 hic
818 799 896 864 esse
922 817 1019 867 mer·
1104 870 1111 882 Ι

54 914 197 990 eanduni
222 941 310 992 oum
335 911 508 988 remediis
532 911 672 986 directe
691 912 1018 1018 antipislogisticis,

54 1035 332 1138 debilitantibus,
357 1035 490 1112 morbo
507 1021 705 1138 principaii
721 1035 881 1139 infestis,
898 1037 1019 1141 jubet,

52 1159 247 1266 visibusque
272 1159 334 1235 vel
352 1157 399 1240 ¹in
426 1158 570 1260 essibus
603 1183 786 1234 summam
817 1157 1022 1236 iniiamma·

54 1273 337 1384 tionis'speoiem
363 1307 451 1384 prae
485 1307 523 1355 se
556 1281 759 1357 serentibus
792 1285 1021 1386 parcendum

54 1406 311 1504 quammaxime
337 1429 434 1504 esse,
467 1404 667 1506 praecipit3
694 1397 787 1480 uum
817 1407 1023 1484 inflamma·

55 1515 179 1602 tionem
205 1525 371 1627 cerebri,
406 1528 473 1600 etsi
500 1515 768 1628 idiopatlsicam
780 1581 791 1628 7
822 1553 952 1630 veram
974 1544 1025 1604 ta·

56 1657 128 1724 men
160 1663 198 1730 et
228 1646 531 1753 protopathienm
544 1703 556 1750 ‚
590 1646 818 1750 otheninum,
852 1647 1024 1728 mbnasoi

56 1794 232 1874 uunquam
270 1771 331 1848 hic
365 1797 498 1875 posse,
531 1771 620 1848 satis
649 1771 883 1872 intelh'gatur,
909 1774 1025 1852 Aeco·

58 1889 123 1997 do,
153 1894 256 1998 quod
292 1898 347 1972 uti
382 1909 490 1970 antea
524 1896 709 1970 monitum
749 1897 839 2000 fuit,
877 1903 1023 1975 narium

60 2007 325 2120 haemorrhagia
346 2017 435 2092 huie
456 2007 592 2119 speeiei
613 2022 875 2120 superveniens
897 2024 1026 2098 critica

61 2139 156 2216 fuisse
182 2165 377 2245 nunquam
402 2139 595 2218 observata
622 2143 757 2242 fuerit,
788 2143 891 2244 quod
915 2159 953 2219 et
978 2143 1025 2220 de

60 2258 297 2365 hirudinibus,
324 2289 417 2366 quos
441 2265 482 2338 in
507 2257 728 2365 Epidemiae
749 2267 856 2340 initio
874 2265 1026 2342 timidus

60 2382 169 2462 adhue
189 2385 448 2490 methodoque
476 2386 633 2460 cautiori
648 2383 882 2487 inhaerens,
913 2387 1029 2490 appli·
1073 2421 1079 2436 ·

61 2507 150 2608 sani,
173 2524 217 2584 ut
231 2511 283 2583 'et'
306 2508 354 2583 ‘de
380 2509 563 2584 mercurio
590 2505 710 2608 dulci,
737 2507 942 2607 dicendum
962 2523 1029 2586 est.

61 2628 178 2729 Magna
205 2657 294 2710 sero
320 2644 357 2706 et
382 2630 445 2706 hic
468 2656 596 2706 rursus
616 2628 802 2704 laudanda
819 2633 922 2708 uenit
938 2633 1028 2710 vesi·

63 2743 274 2832 catoriorum
291 2756 426 2831 enrici
442 2755 702 2856 impositorum
723 2757 907 2857 potentin,
933 2781 1027 2859 quae

63 2877 152 2951 unu
177 2858 329 2981 quidem
355 2877 444 2980 suit,
470 2879 579 2952 utin
595 2875 804 2978 nonnullis,
828 2877 1028 2955 levioribus

62 2997 193 3102 ntique,
218 3001 449 3105 phrenitione
476 2999 636 3102 casibus,
667 3001 728 3077 vel
752 3001 829 3079 sola
855 3004 1028 3105 paginam

24 3137 29 3158 ⁵
64 3115 250 3200 absoliisse
272 3125 478 3201 videantur.
505 3124 784 3200 Suooedaneum
816 3125 956 3226 priori,
989 3137 1028 3198 et
1100 3117 1106 3130 '
1142 3146 1143 3165 ¹

63 3237 235 3323 laudabile
260 3225 339 3323 non
361 3249 487 3323 minus
511 3245 585 3322 hoo
619 3247 664 3322 iu·
691 3246 823 3321 morbo
854 3243 1029 3320 auxilium

64 3359 210 3446 habetor
232 3372 274 3444 in
285 3366 616 3474 scomensatiorubus
627 3367 783 3472 frigidos
802 3366 860 3444 vel
878 3365 1030 3442 Schmu·
1087 3425 1089 3434 ,

66 3485 254 3596 oiarsonis,
277 3492 338 3571 vel
363 3508 401 3568 et
425 3519 471 3568 ex
486 3490 565 3569 soie
581 3515 676 3594 aqua
692 3489 828 3593 gelida,
851 3489 925 3566 sale
942 3487 1030 3566 culi·

65 3613 137 3686 nari
161 3627 199 3690 et
223 3629 327 3692 noeto
343 3613 497 3720 paratis,
515 3615 632 3718 ospiti.
644 3625 683 3690 et
699 3613 814 3690 fronti
831 3613 1029 3716 impositis,

66 3736 373 3842 romanusque,
397 3735 551 3814 simulac
583 3735 763 3839 spleniolo
791 3734 1029 3812 incal'esuant.

68 3851 273 3946 Quaerere
299 3861 527 3941 conveniunt
556 3855 722 3938 remedie
748 3861 918 3960 interna,
944 3879 1031 3932 cum
