2542 4480
962 301 1030 379 113
1163 319 1167 326 '

354 419 620 498 CAPUT
697 419 788 497 XI.

218 663 322 741 Oura
331 663 453 765 februi
474 666 680 792 pqludoscte
706 663 918 788 cholericus.

131 905 280 984 *Solius
312 933 390 992 esse
423 909 533 986 febris
566 910 740 1012 effectus,
776 935 869 1014 quae
904 909 1054 1000 biliosae
1179 929 1181 933 '

89 1027 204 1106 morbi
229 1044 381 1106 naturae
398 1031 486 1105 false
504 1017 763 1107 adscribuntur
769 1017 931 1134 ,speciei
946 1033 1055 1136 hujus

89 1162 358 1254 symptomata,
391 1159 467 1257 jam
493 1167 600 1228 antea
634 1151 748 1262 nisius
785 1153 1056 1256 explicavimus.

56 1363 60 1369 Ι
87 1269 134 1345 Et
158 1277 238 1373 jure
265 1273 417 1376 quidem
450 1275 561 1349 ‘asseri
592 1287 715 1378 potest
746 1275 830 1352 bilis
861 1279 902 1352 in
928 1303 1058 1380 genere
1108 1329 1111 1334 -

87 1415 163 1466 non
189 1396 308 1495 majus
333 1393 396 1472 hic
422 1421 499 1472 esse
528 1411 781 1499 momentum,
816 1423 926 1501 quam
955 1407 1059 1504 ejus,

87 1539 179 1616 quae
206 1513 361 1592 durante
387 1515 513 1594 morbo
545 1525 694 1594 nautico
727 1523 930 1622 evomitur,
967 1548 1059 1625 quae

86 1637 237 1740 quidem
270 1639 340 1716 soli
358 1629 571 1740 'nervorum
604 1643 846 1718 commotioni
878 1644 1056 1764 originem

85 1759 206 1836 debet
233 1763 556 1858 Quemadmodum
580 1787 668 1840 vero
694 1762 804 1842 febris
821 1748 956 1841 haecce
973 1765 1059 1843 cbo

86 1883 197 1958 letica
241 1909 366 1960 veram
409 1887 535 1988 utique
565 1881 743 1962 cboierae
780 1887 1059 2006 protopathicae

86 2002 291 2106 imaginem
316 1993 471 2086 durante
503 2033 725 2110 paroxysmo
757 2010 893 2110 refert,
932 2027 1060 2116 utpote

89 2151 235 2202 summo
274 2131 428 2205 omnino
462 2151 682 2230 organorum
717 2127 1061 2234 chilopoitticorum

84 2245 243 2353 bilisqae
277 2277 445 2352 orgasmo
480 2253 639 2354 stipata,
678 2253 732 2328 sic
769 2265 916 2355 quoque
948 2253 1059 2358 hujus

84 2371 199 2474 ipsius
232 2387 345 2454 status
386 2373 510 2450 biliosi
540 2415 592 2432 -·
622 2376 898 2477 symptomatici
931 2401 1060 2480 quam·

85 2497 227 2571 vis-
260 2497 354 2571 ratio
388 2499 517 2598 utique
548 2494 718 2570 habenda
757 2508 821 2572 est
856 2497 1061 2618 Convenire

67 2621 212 2723 itaque
238 2617 311 2694 hoc
337 2617 446 2694 titulo
471 2657 523 2680 ·--
547 2631 585 2692 et
610 2615 760 2720 quidem
798 2617 878 2695 hoc
905 2619 986 2695 solo
1011 2663 1062 2682 ·-

84 2753 243 2883 possunt
266 2737 413 2815 laudata
440 2738 519 2814 aliis
544 2737 707 2833 acidula,
727 2741 836 2846 potio
863 2739 976 2816 salina
1002 2741 1061 2818 Ri-

84 2855 202 2956 verii,
237 2889 329 2968 aqua
358 2845 543 2937 Seiterana
558 2859 742 2964 ,aliaque
775 2861 885 2965 hujus
919 2867 1059 2964 generis

85 2984 269 3087 remedia,
294 2985 453 3084 exceptis
474 2999 621 3086 nmen,
634 3009 727 3087 quae
745 2984 953 3060 adhibuisse
974 3013 1060 3064 con·

85 3120 228 3186 stanter
251 3108 454 3209 poenituit,
470 3107 633 3183 emeticis
660 3120 698 3181 et
721 3105 978 3208 purgantibus,
997 3114 1061 3181 ut·
1157 3191 1161 3209 Ι

85 3242 177 3344 pote
209 3229 362 3304 intimae
394 3227 516 3303 morbi
548 3241 700 3302 naturae
734 3227 1061 3330 constitutionique

85 3352 321 3464 stationariae
348 3377 368 3426 e
395 3349 576 3426 diametro
602 3347 791 3452 oppositis
818 3390 869 3410 -·
892 3347 1064 3452 Neglectt

85 3463 228 3578 itaque
236 3452 277 3549 in
304 3473 448 3548 casibus
474 3471 755 3578 quamplurimis
780 3469 993 3546 secundaria
1019 3473 1064 3546 il-

86 3595 124 3671 la
137 3651 148 3696 ,
175 3621 268 3698 quae
299 3596 346 3670 ab
379 3598 630 3670 excretionum
662 3606 702 3667 et
735 3595 979 3669 sacrationum
1011 3596 1064 3668 in-

88 3713 174 3790 dole
200 3717 354 3818 petitur,
382 3716 626 3814 indicatione,
653 3711 868 3814 sublingua
893 3713 1064 3824 sordibus

89 3837 262 3939 obsessa,
286 3840 362 3926 imo
388 3839 589 3940 nigricante
615 3850 653 3912 et
676 3835 785 3939 fissa,
814 3833 873 3914 vel
897 3846 935 3912 ct
961 3833 1061 3912 arida
