2594 4476
980 271 1099 370 205'
1218 343 1222 358 ·

109 437 285 492 rarorum
309 413 617 515 cangrriierorum,
636 411 830 515 praecipue
847 413 1080 515 arteriarum,

110 553 150 616 et
182 537 386 637 viscdrum,
418 561 552 636 magna
584 559 756 612 vasorum
791 535 1083 638 mngrriiororum

111 659 218 760 copia
243 659 521 757 instructorum,
543 655 735 734 observare
753 655 1027 758 consuevimus,
1045 671 1085 732 et

110 780 197 882 qnia
221 779 302 882 ipsa
328 779 452 879 febris,
478 805 571 882 quae
596 805 679 854 eam
712 779 928 879 comitatur,
960 779 1083 854 neuti-

110 885 223 1002 quam
237 903 397 1004 speciem
412 899 523 976 febris
543 925 651 980 uerae
668 899 975 978 inflammatoriae
990 925 1080 1004 prae

107 1043 147 1097 ee
173 1021 264 1122 fert,
288 1021 355 1096 red
380 1037 508 1098 contra
532 1026 647 1124 magis
671 1037 841 1098 naturam
866 1023 977 1104 sobrie
1000 1043 1084 1104 ner·

109 1167 230 1243 vocae,
247 1143 314 1220 rub
332 1143 541 1222 charactere
558 1146 747 1246 ambiguo,
764 1147 1083 1248 exprimere-vide·

108 1278 180 1342 mr.
193 1266 365 1344 Attamen
378 1291 454 1340 non
468 1281 524 1342 eet
538 1269 913 1372 praetermittendum,
929 1267 1080 1374 febrem,

109 1415 222 1496 quarn
244 1381 293 1466 in¹
310 1389 383 1464 hoc
402 1387 532 1464 morbo
558 1389 902 1490 animadvertimus,
919 1393 1080 1494 ant‘pro

106 1515 189 1593 dire
215 1533 260 1588 ex
284 1511 475 1586 affectione
499 1509 608 1586 locali
641 1509 878 1614 phlogistica,
912 1499 1080 1616 quamuis

109 1635 203 1711 haec
228 1635 338 1719 etiam
361 1633 564 1734 principio,
589 1655 663 1734 quo
690 1631 802 1716 febris
822 1635 898 1708 iarn
923 1655 1081 1712 accesse-

108 1761 173 1857 rit,
198 1753 319 1832 adhuc
343 1755 455 1830 latere
480 1755 615 1855 possit,
641 1767 705 1828 aut
728 1754 872 1856 saltem,
895 1757 1082 1834 cum-iam

109 1893 218 1954 antea
242 1873 289 1953 ex*
311 1875 389 1950 aliia
416 1878 532 1956 caucia
554 1874 657 1951 adeat
673 1874 803 1978 febris,
826 1875 1082 1980 per‘efforma-

109 2001 251 2080 tionem
274 1989 573 2074 inflammationis
588 2000 629 2072 in
646 2000 808 2100 organis,
828 2013 867 2074 et
890 1988 1080 2106 subiectio,

109 2119 312 2196 admodum
337 2119 515 2218 exaugeri.
538 2119 659 2212 Quam
685 2119 830 2194 obrem
847 2145 996 2198 nccoaao
1012 2136 1081 2224 est,

12 2297 20 2312 .
105 2255 153 2318 nt
176 2241 267 2316 haec
300 2237 411 2314 sobrie
448 2265 590 2340 semper
620 2239 749 2342 aliqua·
763 2225 918 2316 =·ratione
951 2241 1079 2316 chara-

102 2365 219 2439 tteria
242 2359 514 2437 inflammatorii
538 2357 721 2462 particeps
745 2359 937 2461 reddatur,
967 2387 1080 2464 quare

108 2488 142 2560 ai
165 2469 307 2560 indoles
333 2481 495 2557 eiusdem
521 2496 615 2556 esset
630 2496 817 2584 praeterea
834 2491 1005 2584 neruosa,
1024 2497 1080 2560 ta-
1135 2479 1137 2485 ’

107 2628 196 2682 men
220 2629 362 2705 comper
386 2601 526 2704 aliquid
549 2617 701 2676 naturae
725 2599 842 2676 ratris
875 2599 1080 2680 inflamma-

108 2727 223 2804 toriae
241 2726 295 2802 ilii
312 2723 458 2800 snheeee
471 2738 667 2825 oporteret
680 2723 808 2825 Itaque
820 2719 1082 2802 'adhibebimua

107 2873 253 2952 temper
283 2860 499 2948 apparatum
517 2844 886 2946 antiphlogiatioum,
919 2849 1081 2922 attamen

108 2983 191 3046 tum
215 2969 266 3046 ob
290 2981 460 3042 naturam
483 2965 801 3067 inflammationis,
835 2982 914 3044 tum
946 2968 995 3044 ob
1013 2971 1081 3044 in·-

109 3089 237 3168 dalem
265 3088 378 3164 fabric
408 3113 486 3164 non
524 3073 677 3164 omniuo
715 3087 958 3188 synochicae,
998 3101 1080 3164 turn

106 3213 270 3314 deniquae
287 3209 342 3286 ob
368 3235 494 3285 causac
518 3213 677 3282 remotae
702 3207 883 3307 diuersas,
906 3233 1008 3309 quae.
1023 3211 1078 3304 vi-

107 3357 168 3410 nea
193 3357 276 3408 suas
298 3325 555 3419 exercuerunt,
581 3327 722 3403 diversa
747 3330 890 3404 ratione
910 3331 1080 3408 immuta·

109 3459 207 3556 tum,
232 3477 352 3556 nequa
376 3453 418 3526 iri
443 3465 561 3528 totum
588 3450 786 3553 ambitum,
812 3477 887 3564 qap
912 3451 1080 3538 adhiberi

107 3587 246 3680 potent,
270 3587 470 3650 extensum.
624 3581 627 3588 '

205 3695 301 3771 Cum
338 3695 388 3771 ed
425 3707 672 3796 aegrotantem
713 3693 866 3792 adsciti,
900 3691 986 3770 'cam
1027 3691 1082 3768 ie-

109 3817 294 3898 trinitus
316 3819 549 3923 invenimus,
581 3818 747 3920 quamvia
778 3815 924 3896 nulium
956 3813 1079 3896 adhue

166 3957 182 4002 κ
366 3957 367 3962 ,
