2594 4476
779 275 784 288 ’
866 310 868 318 ·
975 279 1049 356 '233

105 398 274 495 omissis,
309 419 391 469 eam
425 393 539 470 fascia
572 393 695 494 lintea·
721 395 889 473 circulari
914 395 1077 500 ¹obligari

100 519 293 617 iussimus,
315 501 540 620 inlerpositis
556 517 613 592 bis
628 521 695 620 per
720 517 828 593 diem.
843 515 1076 596 frictionibus

67 630 69 634 ’
105 665 189 716 cum
215 640 344 741 spiritu
376 640 455 714 vini
471 645 473 650 '
487 635 738 740 camphorato.
766 641 941 733 Quamvis
966 662 1076 728 ,nunc

102 769 226 834 tumor
249 759 364 860 magis
389 760 575 860 magisque
593 759 836 860 decresceret,
861 773 986 836 tamen
1011 761 1073 836 ali-

106 899 179 978 qua
206 879 322 980 partis
344 877 493 953 affectae
523 881 807 954 intumescentia
826 879 1011 981 restabat,
1035 893 1074 955 ct

104 1003 496 1097 quamquammenses
524 1024 593 1073 ¹suo
626 1003 792 1100 tcm'por'e
820 1000 873 1074 'ad
904 1010 1072 1085 normam

102 1109 290 1217 fluebant,
315 1144 381 1220 per
398 1104 517 1195 'tonus
542 1120 617 1196 fere
643 1122 731 1194 anni
761 1123 921 1222 spatium
945 1133 1073 1196 auctus
1197 1195 1200 1202 ⁴

101 1235 206 1336 pedis
233 1251 270 1314 et
293 1231 485 1326 anticruris
518 1231 676 1318 ambitus
708 1241 850 1345 puellae
883 1255 961 1319 erat
989 1245 1072 1318 'mo-

102 1355 215 1434 lestus
240 1374 279 1434 et
302 1373 390 1475 tum·
407 1361 557 1454 demum
582 1363 834 1440 evanescebat.

253 1683 261 1696 ‚
388 1611 390 1614 ’
425 1605 603 1692 ‚Historia
628 1610 741 1680 weda.

179 1843 265 1946 Vir,
291 1848 554 1952 'quinquaginta
569 1871 630 1922 sex
650 1857 850 1946 annorum,
877 1849 1071 1924 cerevisiae

104 1980 248 2065 coctor,
269 1969 310 2041 in
331 1969 413 2044 vico
429 1969 706 2069 Klostersande,
721 1994 837 2070 prope
854 1968 1073 2072 Elmsborn,

103 2089 200 2162 ritae
215 2087 439 2164 sedentariae
457 2104 630 2189 assuetus,
646 2101 933 2192 temperamento
949 2091 1073 2192 phleg-
1158 2129 1169 2156 ι

102 2210 475 2310 rustico-sanguineo,
500 2213 656 2284 maxime
683 2209 836 2310 obesus,
861 2213 912 2286 ita
937 2225 979 2285 nt
1004 2226 1074 2288 tre·

105 2343 229 2404 centas
250 2328 373 2406 libras
410 2331 533 2408 civiles
548 2327 731 2437 ’pondere
767 2343 976 2432 superaret,
1010 2336 1075 2433 qui
1138 2401 1146 2412 ,

103 2464 271 2527 ventrem
295 2455 432 2528 maiore
464 2452 694 2552 pinguedinis
723 2461 837 2526 strato
862 2452 1075 2552 obtectum,

103 2571 332 2672 maximeque
357 2573 712 2677 propendentem·et
737 2561 785 2646 ad
810 2597 927 2670 genua
948 2571 1074 2648 seden-

102 2691 150 2767 tis
174 2692 445 2790 prominentem
463 2689 654 2790 habebat,
680 2705 748 2792 per
771 2691 1074 2791 plurium'anno·

103 2834 187 2884 rum
212 2814 371 2910 spatium
397 2811 711 2914 iem'couque's'tus
736 2826 813 2886 erat
834 2811 884 2888 de
907 2813 1074 2914 'spirandi

102 2919 314 3006 fflffieulun
340 2933 417 3008 sive
442 2932 650 3034 dyspnoea,
676 2959 697 3006 a
725 2935 839 3009 nimia
865 2948 962 3008 certe
989 2933 1073 3010 obe·

104 3052 210 3138 sitan
236 3051 389 3151 oborta,
419 3065 456 3126 et
481 3053 526 3126 de
542 3052 746 3134 'sudoribus
777 3052 1072 3152 profusioribus,

102 3199 124 3246 a
148 3170 329 3248 levissima
355 3191 481 3271 causa,
506 3185 550 3248 ut
574 3197 596 3244 a
621 3171 742 3248 calore
760 3171 951 3288 c'onclpvis.
972 3173 1075 3273 panl-

102 3287 220 3366 lulum
246 3293 423 3392 adaucto,
447 3292 516 3366 sub
540 3291 794 3398 musculorum¹
810 3291 886 3366 leni
910 3295 1075 3368 motione

102 3423 141 3486 et
165 3415 339 3514 temperie
372 3416 463 3488 a'e'ris
493 3415 534 3488 in
569 3427 726 3512 aestate,
760 3413 1071 3515 certeloriundls,
1201 3460 1204 3467 ·

103 3557 216 3633 quare
241 3525 498 3608 tantummodo
524 3531 724 3634 tibialibus,
753 3533 901 3611 indusio
916 3533 1075 3640 cbbrac·

105 3655 158 3730 cis
183 3652 304 3728 linteis
331 3665 408 3728 erat
433 3653 599 3730 obtectus
613 3671 653 3728 'et
670 3678 716 3728 ne
734 3669 899 3755 tempore
925 3651 1077 3756 quidem

103 3772 254 3848 hiemali
279 3773 451 3856 calidiore
485 3773 615 3876 agebat
638 3777 784 3854 vestitu·
806 3775 965 3890 Praeter,
980 3773 1072 3852 haec
