2594 4476
991 247 1072 330 235'

120 375 183 454 dia
198 385 385 476 noctuque
401 373 442 448 in
457 371 547 448 sella
563 367 689 480 sedere
706 385 897 474 augeretur
922 370 972 448 ob
986 370 1097 476 dyap·

113 521 273 596 ¹noeam,
299 521 393 598 quae
418 511 543 570 manen
567 509 667 576 certa
692 497 771 570 non
788 506 866 571 erat
886 507 1098 597 spuuptomt
1123 505 1137 510 ’“

118 615 300 720 hydropis
324 616 504 719 pectoris,
525 630 569 692 et*
588 615 638 692 ob
662 615 809 718 dolores
840 630 879 692 et
910 631 1096 694 tumorem
1177 613 1182 620 “

119 737 320 829 amborum
332 739 541 836 'semorum,
555 740 602 812 ln
613 736 746 840 tpribur
764 761 833 812 uae
859 735 1017 838 amplius
1036 737 1095 812 in-

120 855 223 958 gradi
247 871 403 958 poterat
429 859 570 932 Leuitia
601 857 752 960 quidem
783 854 1093 958 symptomatibus
1167 885 1169 890 ·

117 976 296 1060 localibus
320 1001 387 1080 per
400 981 655 1056 inunctionem
672 977 744 1054 olei
761 977 978 1084 hyoscyami
993 979 1092 1052 coeti

114 1123 200 1172 eum
226 1099 428 1202 camphora
454 1115 491 1176 et
506 1127 573 1203 per
589 1127 697 1176 usum
713 1099 959 1177 remediorum
982 1101 1091 1174 inter·

116 1211 253 1296 norum
277 1221 411 1296 leuiter
433 1223 652 1324 laxantium,
678 1247 763 1299 aum
789 1249 908 1325 neque
933 1221 1092 1301 medioa-

117 1341 219 1418 mina
244 1347 535 1446 expectarem,
560 1367 679 1445 neque
715 1339 938 1446 analeptioa‚
969 1369 1091 1446 neque

118 1461 325 1561 diuretioa,
351 1489 471 1566 neque
496 1463 730 1561 roborantia,
778 1489 897 1564 neque
933 1463 1091 1567 denique

117 1581 190 1655 alia
214 1581 268 1656 illi
296 1609 380 1658 oum
405 1581 585 1663 levamine
610 1585 909 1686 propinarentur,
939 1583 1095 1670 taudem

116 1727 163 1778 ex
192 1706 390 1808 inopinato
415 1709 456 1780 in
489 1707 561 1780 line
583 1703 721 1780 mensis
754 1705 887 1807 Aprilis
925 1704 1088 1780 eusdem

116 1825 205 1900 anni
231 1849 275 1898 ex
300 1827 458 1928 paralysi
483 1825 702 1928 pulmonum
726 1841 893 1904 mortuus
920 1841 986 1900 est

156 1927 162 1940 ⁸
192 1929 372 2020 sectionis
398 1947 584 2023 cadaveris
608 1949 872 2049 instituendae,
894 1961 1087 2051 quantum·

113 2069 170 2144 vis
195 2058 269 2143 hoe
294 2090 527 2170 cuperemus,
552 2067 660 2144 nobis
687 2073 793 2146 venia
807 2083 963 2178 nonest
989 2067 1083 2142 data.

435 2311 596 2386 Historia
621 2323 763 2411 quarm.

189 2549 356 2650 Familia,
374 2545 555 2638 annorum
570 2548 819 2650 undetriginta
825 2563 969 2652 ‚nupta
986 2573 1087 2650 prae·
1209 2651 1214 2656 Ι

114 2676 255 2774 captori
278 2674 464 2748 infantum
488 2673 755 2745 rusticanorum
780 2672 820 2744 iu
835 2665 930 2750 ¹vieo
958 2671 1083 2746 Oster-

112 2795 190 2870 ieltl
202 2851 213 2896 7
251 2819 366 2898 prope
403 2791 624 2894 inlustrem,
657 2793 798 2894 optima
836 2791 983 2870 valebat
1018 2817 1085 2894 per

112 2918 253 3020 primos
278 2917 356 2991 dies
380 2927 466 3018 post
488 2930 635 3018 partum
659 2905 802 3017 puellae
828 2913 922 2990 bene
948 2915 1083 2992 forma·

113 3052 190 3139 tae,
215 3041 313 3113 tertii
337 3023 453 3114 huius
469 3039 837 3136 'coningiifpignorim
861 3036 921 3108 die
952 3044 1083 3135 quarto
1125 3033 1128 3040 Δ

54 3235 60 3246 ,
112 3160 264 3236 decimo
283 3159 419 3240 mensis
444 3156 666 3260 Septembris
684 3158 772 3230 anni
789 3151 1084 3229 MDCCCXXIll
1110 3159 1111 3164 ’

110 3261 318 3384 ροτεοῑυιη)
335 3307 420 3356 enm
437 3289 603 3382 correpta
630 3267 861 3352 est'motibus
878 3273 1080 3373 fabrilibus²

111 3405 268 3506 quiper
288 3417 362 3476 tres
386 3401 541 3476 insultus
572 3415 705 3506 typum
740 3411 938 3501 quartanae
969 3395 1083 3471 inter·

109 3525 292 3602 mittentis
306 3523 366 3598 die
378 3523 618 3624 xvima
629 3521 757 3598 XXIII
770 3520 935 3596 eiusdem
947 3521 1083 3604 maasia

110 3643 323 3746 servabant,
339 3657 378 3718 et
394 3631 473 3720 tum
493 3643 679 3720 die-xxv
695 3670 781 3719 oum
797 3655 889 3748 typo
907 3642 1082 3722 tertianae

109 3764 299 3869 redibant,
323 3791 392 3844 nee
418 3766 572 3870 amplius
596 3765 841 3842 remittebant.
870 3762 1080 3863 conquesta
