2570 4482
109 467 294 571 perstitit,
320 479 412 568 quot
447 462 722 546 hebdomadum
752 467 827 542 fere
854 469 974 568 spatio
1001 491 1087 546 con·

110 591 240 690 scripti
263 613 341 667 esse
357 587 510 690 solent}
536 587 712 680 ‘ominium
744 587 903 690 denique
928 591 1087 690 primam

107 711 292 814 corripuit
322 709 452 786 urbem
466 691 483 812 ,'
508 709 733 787 salubritatis
770 710 867 786 lama
892 735 980 812 prae
1007 709 1087 790 aliis

108 833 188 910 sere
215 831 446 908 celebratam.

186 953 390 1032 Multorum
413 955 524 1056 igitur
552 953 803 1055 Medicorum,
837 967 918 1028 tum
949 956 1087 1056 patriae

107 1091 258 1152 nostrae
285 1103 371 1152 oum
396 1080 507 1154 etiam
528 1093 802 1176 extraneorum,
829 1074 1011 1152 desiderio
1038 1090 1088 1152 at»

105 1225 182 1300 que
208 1202 473 1302 exspectationi
490 1201 652 1300 occani,
669 1201 700 1276 si
718 1200 927 1300 conscripta
947 1200 992 1274 iis
1014 1213 1099 1274 tra-¹

105 1321 222 1396 datur
242 1319 351 1424 hujus
369 1322 497 1412 morbi
507 1322 677 1420 historia,
691 1323 826 1424 partim
840 1319 934 1396 mihi
950 1325 1087 1424 patuit,

105 1444 246 1543 partim
271 1445 448 1544 suspicari
473 1442 609 1520 licebit
636 1443 743 1518 Hanc
765 1467 864 1530 ¹vero
890 1469 971 1518 rem
994 1441 1088 1518 mihi

106 1563 386 1664 suscipiendam
409 1591 485 1641 esse
511 1549 706 1641 arbitratus
731 1549 1026 1666 sum,quonia1n
1045 1591 1088 1639 ex

107 1683 310 1784 omnibns,
335 1690 398 1788 qui
424 1711 615 1788 aegrorum
645 1686 826 1760 curationi
852 1710 1002 1787 operam
1027 1685 1089 1760 de·

108 1805 247 1881 derunt
271 1808 365 1906 ipsi,
391 1811 452 1883 vix
477 1809 670 1910 quisquam
695 1819 800 1886 tanto
827 1806 969 1882 fruatur
993 1807 1086 1906 otio5

108 1953 171 2002 mo
203 1927 346 2004 scilicet
375 1930 501 2031 praxis
540 1933 663 2006 minus
696 1930 909 2030 occupavit,
942 1943 1088 2032 praeter

107 2069 277 2128 mensem
301 2049 525 2150 Septembris
551 2077 637 2126 cum
662 2063 857 2152 sequente3
884 2074 977 2151 quae
1002 2073 1086 2150 pars

107 2169 386 2246 tantummodo:
396 2173 506 2274 spatii
531 2167 606 2271 est,
634 2170 736 2272 qnod
750 2169 942 2270 Epidemia
960 2168 1086 2272 imple·

88 2293 183 2392 sit,
208 2293 317 2394 spatii
342 2315 448 2393 vero,
474 2315 549 2396 quo
571 2292 694 2368 morbi
718 2293 889 2368 atrocitas
915 2289 965 2366 ad
989 2315 1087 2368 sum·

108 2439 215 2488 mum
240 2427 468 2518 pervenerat

185 2535 243 2609 Ex
267 2534 482 2637 Epidemiae
506 2535 665 2611 lilttoria¹
686 2533 775 2611 ,dare
809 2559 913 2637 quae.
927 2537 1007 2637 ipse
1034 2537 1087 2612 vi·

110 2654 175 2756 di,
200 2655 318 2758 iisque
344 2681 466 2748 meam
478 2713 489 2757 ,
522 2647 568 2731 de
601 2656 723 2734 morbi
755 2655 881 2730 indole
907 2671 951 2730 et·
970 2659 1087 2732 causis

107 2773 279 2884 quaeque
303 2777 464 2880 reliquae
489 2793 575 2854 sunt
607 2783 686 2880 ejus
719 2777 978 2879 conditiones,
1003 2801 1086 2854 sen·
1146 2783 1149 2788 '

110 2899 267 2973 tentiam
292 2899 508 3004 subjungere
534 2900 679 2988 animus
703 2909 780 3001 est3
800 2899 847 2976 de
863 2903 986 3002 primo
1002 2901 1090 3003 Epi·

113 3017 255 3094 demiae
287 3022 449 3121 ingressu
469 3022 485 3122 ,'
511 3021 557 3096 de
588 3021 668 3096 aliis
692 3025 833 3124 patriae,
855 3021 1086 3122 regionibus,

112 3139 159 3216 de
195 3140 487 3244 cadaverumque
520 3145 775 3245 inspectione,
807 3139 963 3224 ¹aliunde
985 3143 1089 3216 'milri

111 3265 237 3364 notis,
261 3278 408 3338 tantum
432 3249 648 3357 additurus,
683 3277 863 3367 qnantum
893 3263 1013 3340 lacere
1038 3267 1089 3340 vi·

114 3381 245 3459 deutur
270 3383 318 3458 ad
342 3409 421 3459 rem
445 3387 564 3486 ipsam
588 3381 853 3460 illustrandam.

127 3589 130 3596 ¹
191 3501 392 3581 Erroribus
420 3509 508 3608 qui,
542 3506 582 3580 in
614 3489 814 3608 judicando
845 3507 905 3583 vel
936 3509 977 3584 in
995 3511 1088 3609 ipsa

114 3626 227 3700 etiam
253 3624 526 3718 observatione,
549 3629 809 3728 remanserint,
823 3633 962 3730 majore
980 3653 1086 3729 cxpe-

113 3746 246 3821 rlentia
270 3747 330 3823 vel
351 3749 388 3825 vi
411 3748 514 3822 unita
532 3748 701 3856 fortiores
719 3747 870 3826 meliora
888 3747 1088 3850 aliquando

115 3865 359 3972 substituant,
384 3881 441 3946 est
464 3867 557 3946 mihi
581 3871 766 3949 in'votis:
791 3870 833 3946 in
859 3883 961 3946 tanta
987 3872 1086 3946 enim
