2594 4476
270 321 346 397 228

242 453 404 544 partem,
429 437 543 538 magis
569 433 896 537 absconditam,‘ct
911 462 1003 540 qaue
1018 460 1122 518 nunc,
1137 439 1199 540 pri·

242 587 363 660 mum,
395 557 696 634 inflammatione·
710 573 747 634 et
772 561 1052 662 intumescentia
1075 560 1196 652 harum
1265 563 1268 572 “

201 721 204 726 ·
240 682 401 785 partium
426 680 532 764 ualde
547 675 774 778 '‘deminutis,
787 669 924 781 inspici
944 687 1084 780 posset,
1107 697 1198 780 repc-
1254 751 1257 766 ,

242 803 357 878 rimus
380 827 542 901 sanam,
582 826 694 903 quare
725 800 882 876 nullam‘
901 802 1198 902 praescriptorum

242 922 531 1000 medicaminum
556 923 709 996 fecimus
734 924 988 996 mutationem.

316 1047 386 1122 Die
405 1057 543 1119 octavo
568 1044 703 1116 mensis
727 1043 864 1143 Martii,
889 1041 991 1116 febre
1006 1039 1204 1144 paullulum

242 1166 358 1243 modo
384 1179 509 1263 aucta,
534 1163 661 1239 dolore
686 1177 795 1264 atque
821 1178 965 1241 tumore
994 1167 1039 1244 in
1067 1165 1203 1264 regione

243 1285 422 1386 inguinali
446 1298 484 1359 et
508 1283 665 1362 lumbari
691 1286 838 1362 sinistra
860 1287 1201 1394 iampenitusnoes·

244 1423 349 1484 sante
361 1463 374 1507 ,
409 1420 609 1508 conquesta
645 1419 700 1480 est
736 1407 872 1482 famina
910 1406 958 1481 de
990 1405 1119 1483 dolore
1147 1429 1202 1484 re.

243 1510 433 1630 liemcule,
458 1555 524 1630 per
556 1540 676 1606 totam·
703 1529 971 1604 extremitatem
1001 1529 1201 1606 inferiorem

244 1654 428 1728 sinistram
453 1665 679 1758 propagato,
703 1676 776 1725 una
802 1657 888 1724 'cum
913 1643 1035 1751 aliqua
1060 1649 1205 1746 membri

243 1774 541 1872 intumescentia,
572 1775 626 1848 ita
654 1785 697 1846 ut
721 1797 769 1846 ne
801 1786 942 1849 tactum
974 1773 1126 1872 quidem
1154 1769 1202 1844 di·

244 1897 411 2000 gitorumx
430 1908 467 1968 et
486 1893 617 1970 lodicis
649 1895 808 1970 tolerare
835 1896 1006 1996 potuerit.
1039 1893 1122 1968 Jam
1152 1915 1201 1968 so·

245 2015 425 2090 lationem
462 2015 666 2118 phosphori
697 2018 739 2092 in
770 2013 928 2094 aethere·
942 2041 1021 2093 non
1058 2014 1200 2118 amplius
1275 2055 1276 2076 ι

165 2242 168 2248 ι
244 2138 573 2248 propinavimus.
633 2161 640 2174 ’
681 2239 685 2245 ⁵
920 2221 925 2230 ,
972 2221 974 2226 ,

303 2266 390 2341 .Die
415 2287 516 2338 nono
540 2264 676 2339 mensis
701 2262 837 2363 Martii,
864 2261 976 2338 febris
989 2356 993 2366 Ι
1007 2251 1202 2368 accessibus

246 2413 325 2466 non
357 2385 513 2487 amplius
546 2387 681 2484 auctis,
703 2387 778 2459 iam
803 2387 1091 2462 inzimmensum
1109 2389 1202 2460 sinas
1274 2435 1275 2463 r

245 2526 388 2590 muerat
412 2523 533 2584 totum
557 2505 765 2582 membrum
790 2507 837 2582 ab
856 2509 1003 2608 inguine
1025 2539 1139 2616 usque
1159 2511 1201 2588 ad
1274 2497 1275 2522 ³

247 2635 381 2735 digitos
411 2631 533 2733 pedis,
565 2644 708 2703 tumore
740 2653 818 2702 non
852 2627 1057 2734 correptos,
1090 2637 1139 2710 ita
1154 2647 1202 2707 ¹ut
1273 2715 1274 2728 χ

133 2811 135 2817 s
239 2753 388 2827 'ambitu
412 2749 507 2824 illud
524 2748 751 2848 duplicatum
775 2743 900 2824 forsan
925 2749 1085 2844 diceres,
1103 2768 1139 2828 et
1161 2751 1201 2828 ob

245 2869 409 2969 dolores,
441 2871 656 2970 neutiquam
690 2867 918 2969 deminutus,
946 2872 1203 2971 intolerabiles,

246 2991 405 3095 amplius
436 2991 578 3065 moveri
604 3010 688 3068 ¹non
723 3006 855 3091 posset.
888 2992 1058 3095 Tumor,
1073 2993 1201 3072 ¹colore
1272 3047 1273 3050 ,

246 3112 371 3188 albida
398 3127 435 3186 et
459 3109 578 3204 nitido
603 3109 807 3212 praeditus,
838 3125 1026 3212 tamquam
1044 3117 1199 3216 pingue·
1272 3101 1273 3124 l

245 3235 332 3312 dine
358 3233 490 3310 leniter
519 3234 710 3332 inunctus,
734 3235 1003 3340 impressiones·
1017 3235 1203 3336 digitorum

245 3380 325 3430 non
340 3356 508 3454 retinuit,
527 3355 591 3428 sed
616 3368 694 3428 erat
719 3365 869 3454 tensus,
884 3369 921 3428 et
938 3337 1127 3456 oedemate
1146 3380 1200 3456 pe·

243 3473 339 3580 ¹dum
364 3475 551 3552 durior-et
576 3473 737 3551 calidior.
758 3467 912 3556 Dolores
937 3479 978 3550 in
992 3477 1199 3579 hypoehon-

249 3596 337 3672 driis
362 3610 400 3670 et
431 3599 558 3672 infimo
591 3611 734 3687 venue,
771 3599 878 3673 sicuti
910 3600 951 3672 in
977 3597 1200 3698 genitalibus,
1270 3671 1271 3718 ἡ

248 3744 326 3793 non
352 3717 507 3821 amplius
531 3719 774 3820 tumentibus,
800 3721 874 3794 iam
899 3719 1200 3830 penitusremise
1270 3729 1271 3811 i

248 3853 340 3917 sant.
366 3841 496 3938 Quare
513 3843 681 3920 iussimus
706 3855 850 3945 praeter
874 3841 1067 3926 decoctum
1082 3839 1199 3918 chun

688 3967 696 3980 “
970 3963 974 3995 l
