2570 4482
166 205 339 381 ψιι

335 405 447 484 Hunc
469 404 592 479 locum
611 403 867 509 quaesiverunt
891 403 932 479 iri
955 413 1075 506 portu·
1090 403 1145 480 val
1164 429 1214 478 aa·

162 556 165 562 ¹
258 526 352 626 nali,
385 530 449 628 qui
482 525 617 644 abhinc
655 525 703 598 ad
719 525 828 600 Mare
853 521 989 625 ducit3'
1015 527 1074 600 cui
1105 537 1213 600 autam

259 649 471 760 sententiae
487 635 673 750 opportere
704 645 820 722 liceat
847 647 966 747 quod,
996 649 1133 727 etiamsi
1156 647 1211 720 hu·

260 755 318 870 jus
343 765 479 842 canalis
505 793 664 867 cumque
685 791 744 840 eo
761 751 1067 846 communicantis
1093 769 1213 865 fusae,

13 876 15 940 Γ
133 883 135 888 ’
261 889 441 980 quatenus
465 878 576 977 haec,
601 879 700 951 inter
724 877 815 952 duas
840 871 1040 954 cataractas
1072 877 1214 974 reclusa,

121 1079 133 1097 5
258 995 375 1113 &fere
400 1013 438 1072 et
462 996 563 1099 quod
600 999 759 1080 excurrit
782 995 883 1071 urbis
900 999 1070 1100 antiquae
1087 1009 1214 1098 partem

266 1131 410 1230 cingat,
430 1129 571 1202 fundus
583 1121 895 1226 argillaceusno'n
919 1122 1064 1231 seraper
1083 1128 1216 1231 quidem

260 1265 385 1326 tectus.
412 1265 473 1332 ast
508 1246 696 1388 utriusque
732 1245 777 1322 Fl
830 1250 852 1267 ''
891 1252 1080 1364 ipsiusque
1120 1249 1215 1324 Maris

263 1399 395 1475 aqu1s
371 1429 383 1477 5
394 1373 588 1446 rarissime
620 1267 1024 1608 ιιωιξξὲἶιιιιιι,
1061 1369 1216 1446 tamdiu

263 1494 384 1570 nudus
420 1499 555 1610 jaceat,
586 1507 627 1566 ut
658 1493 725 1567 soii
776 1489 906 1568 ardore
940 1496 1111 1569 exsiccari
1140 1490 1217 1594 quin

260 1619 389 1692 immo
403 1613 559 1690 calefieri
585 1611 710 1716 possit.
735 1609 845 1690 Unus
865 1613 1171 1716 sequiturquod,
1193 1613 1217 1686 si

262 1739 463 1828 miasmatis
490 1733 678 1838 cujusdam
703 1735 806 1809 sedes
832 1712 969 1821 iun(
982 1735 1110 1837 portus
1135 1735 1217 1809 vici·

262 1863 357 1958 nia,
373 1859 445 1932 hoc
478 1873 602 1932 ιιιιιοιι
626 1881 704 1936 non
729 1878 908 1932 emanare
924 1883 968 1931 ex
992 1860 1089 1960 ipsu
1104 1871 1217 1959 portu3

263 1984 321 2054 sin
346 1982 456 2054 etiam
483 1978 609 2103 vapori
643 2002 779 2080 aquoso
805 2004 849 2052 ex
875 1960 1000 2078 argilla
1029 1977 1218 2074 denudata,
1272 2029 1273 2062 5

265 2115 374 2204 qaram
401 2125 444 2176 ex
468 2095 546 2202 ipsa
573 2123 690 2201 aquae
710 2097 905 2202 superficie
930 2104 1111 2200 surgenti,
1134 2125 1218 2201 pau·

262 2225 308 2298 ιο
333 2229 460 2326 major
483 2225 537 2298 in
553 2221 807 2323 atmosphaera
838 2221 1016 2296 mutanda
1052 2223 1219 2298 tribuatur

263 2342 425 2418 efficacia
451 2351 486 2438 (ι
498 2359 501 2364 ’
515 2337 580 2436 ιζ).
598 2339 795 2417 'Praeterea
820 2367 902 2417 nou
924 2342 1007 2418 -solo
1026 2342 1118 2448 hoc
1136 2365 1218 2444 pun·

266 2479 327 2540 cto
366 2489 564 2552 commune
601 2482 696 2538 essa·
721 2463 937 2540 morborum
979 2463 1220 2558 domicilium,

199 2619 203 2626 ·
265 2585 330 2660 sed
356 2587 405 2660 ad
429 2579 626 2685 regionem¹
641 2610 757 2687 usquc
780 2583 880 2660 urbis
910 2587 1127 2666 oncnulem
1150 2607 1220 2688 pro

264 2711 387 2812 pagari
413 2708 592 2806 vidimus}
614 2707 698 2798 ubi,
723 2731 799 2782 uno
832 2705 991 2784 alterove
1025 2708 1144 2782 canali
1161 2729 1220 2778 er·
1271 2725 1272 2734 ¹

265 2844 374 2930 cepto
380 2883 392 2926 5
411 2854 526 2930 aquae
543 2855 692 2930 semper
700 2828 821 2904 fluunt
830 2853 1057 2976 ,earumque
1074 2849 1220 2924 recessus

265 2951 453 3031 cataractis
470 2949 706 3050 prohibetur.

309 3070 464 3172 Neque
489 3071 563 3145 hoc
586 3073 737 3144 miasma
771 3070 819 3146 ad
852 3073 951 3147 urbia
981 3087 1124 3211 partem
1152 3094 1220 3170 sep

261 3191 520 3268 tentrionalem
554 3187 778 3265 translatum
802 3177 879 3268 esse
913 3219 933 3267 e
965 3196 1092 3270 vicino
1125 3215 1219 3283 rure,

263 3339 308 3388 ex
332 3339 376 3388 eo
403 3327 526 3415 patet,'
546 3312 648 3415 quod
671 3313 761 3415 pars'
780 3315 997 3405 Provinciae
1022 3297 1220 3390 suburbana
1270 3305 1271 3378 i

244 3461 248 3470 ·
263 3431 381 3509 multo
406 3438 528 3508 minus
549 3459 659 3535 quani
676 3435 797 3510 media
812 3433 926 3510 'fuerit
942 3435 1089 3511 adflicta
1115 3442 1148 3530 (§
1159 3419 1218 3526 ιιι,

265 3555 325 3627 cui
352 3553 446 3628 adde
469 3556 569 3655 quod
593 3558 674 3656 ipso
699 3556 772 3631 hoc
794 3555 1017 3648 locossmorhi
1039 3549 1220 3658 epidemici

264 3678 459 3774 quotannis
477 3678 553 3750 'fere
580 3681 763 3752 recurrere
786 3675 927 3756 soleant
934 3693 959 3782 5“
971 3679 1085 3755 libera
1101 3673 1219 3754 codem

264 3809 427 3898 tompore
455 3802 573 3875 vicina
600 3799 805 3876 Provincia.
905 3864 913 3875 .
