2542 4480
299 307 366 356 m

264 398 513 477 abdominales
539 404 643 503 quasi
669 399 871 505 relabatur,
890 405 1121 498 testantibus,
1137 427 1217 509 quae

262 538 473 600 constanter
496 523 598 599 illum
624 526 850 618 circumdare
865 526 1120 626 observantur,
1144 553 1216 604 arao

261 645 376 743 reaia,
402 644 616 746 dyspepsia,
641 647 887 746 tympanitide
902 649 1054 751 ipsoque
1079 650 1216 726 vomitu.

261 764 403 839 Eadem
428 791 576 867 quoque
591 767 711 842 morbi
728 770 823 844 ratio
848 783 921 868 est,
945 771 974 842 si
1001 795 1022 842 a
1048 768 1216 844 chelam

261 877 436 990 ejusdem⁴
459 890 579 989 specie
612 889 802 990 profecta,
835 905 872 964 et
904 903 1022 965 tractu
1056 893 1218 990 temporit

261 1007 484 1110 crisibusque
510 1009 734 1109 imperfectis
758 1009 855 1084 male
887 1010 1048 1084 iudicata
1076 1012 1217 1111 aegritu·

263 1129 334 1228 do,
367 1131 408 1202 in
440 1129 578 1203 lentam
613 1129 761 1204 hancce
780 1132 1020 1208 affectionem
1054 1146 1216 1208 excurrat

260 1251 356 1326 Hinc
382 1253 505 1351 itaque
532 1251 638 1326 facile
669 1252 875 1352 colligitur,
899 1279 919 1326 a
947 1254 1073 1329 debita
1097 1252 1218 1328 solum·

260 1372 374 1446 modo
413 1387 451 1446 et
487 1387 737 1448 consummata
777 1375 976 1448 miasmatis'
1014 1377 1084 1475 per
1123 1375 1217 1450 enan

259 1497 460 1597 perlectam
486 1495 697 1596 expulsione
716 1496 871 1570 salutem
896 1495 1083 1598 expectari
1105 1521 1218 1598 posse,

261 1617 363 1718 quod
388 1615 538 1718 quidem
562 1643 627 1717 per
647 1615 725 1714 illa,
751 1641 842 1718 quae
859 1631 967 1690 antea
983 1615 1217 1711 laudavimus,

260 1738 421 1814 remedia
447 1739 656 1838 excitantia,
683 1737 862 1838 imprimis
884 1761 971 1813 vero
995 1763 1063 1838 per
1090 1761 1217 1840 serpen·

260 1847 374 1930 tariae
394 1855 628 1957 Virginianae
652 1857 814 1931 inlusum
840 1859 926 1930 satis
952 1873 1216 1934 concontratum

261 2005 347 2052 eum
372 1977 512 2079 liquore
539 1978 713 2080 anodyno
746 1979 933 2081 impetrari
964 1979 1108 2078 optime
1131 1992 1216 2082 pote·

259 2102 317 2174 rit.
344 2099 445 2193 Quae
473 2125 558 2174 vero
590 2099 712 2175 morbi
745 2102 860 2196 nostri
899 2101 1039 2200 species
1074 2123 1158 2174 cum
1185 2099 1216 2169 in

219 2225 226 2236 “
258 2223 357 2298 viam
382 2223 628 2298 tertionariam
653 2223 833 2296 rarissime
851 2223 983 2296 reverti
1010 2219 1145 2320 soleat,
1169 2242 1217 2292 ne·

260 2369 330 2445 que
361 2343 512 2420 clriniuo
544 2344 757 2446 sulphurico
776 2341 1024 2417 militandum
1056 2340 1121 2418 hle
1153 2353 1217 2436 est,

256 2463 324 2540 sed
349 2463 504 2540 decocto
530 2467 684 2540 Corticis
717 2465 913 2538 Peruviani
946 2464 1035 2562 regii
1071 2483 1217 2538 concen-

259 2601 354 2662 trato
381 2613 466 2662 cum
491 2590 650 2662 tinctura
684 2589 882 2662 aromatica
908 2584 1114 2686 etliquore
1141 2607 1217 2656 auo·

261 2707 363 2809 dyno
389 2709 575 2807 minerali,
601 2709 726 2783 fractis
752 2713 900 2810 jamjam
926 2706 1064 2784 viribus
1092 2705 1219 2805 egregie

260 2832 492 2904 succurritur.
519 2830 574 2930 Si,
601 2827 702 2929 quod
728 2831 936 2932 frequenter
952 2828 1038 2900 satis
1054 2826 1218 2917 vidimus,

143 3019 146 3026 .
260 2965 405 3051 praeter
436 2951 545 3026 aliam
576 2945 807 3052 molestiam,
842 2950 1009 3025 ciborum
1043 2946 1218 3024 fastidium

262 3098 347 3150 cum
373 3098 506 3148 nausea
531 3087 569 3148 et
593 3071 796 3148 ilatulcntia
822 3074 1106 3170 continuentur,
1132 3089 1219 3171 prae·

259 3195 411 3299 ferenda
428 3196 565 3270 Cortici
583 3210 669 3270 sunt
686 3199 782 3270 acria
798 3195 1083 3291 medicamenta,
1099 3187 1218 3264 amaris

260 3320 402 3417 juncta,
428 3321 622 3420 ipsumque
645 3317 827 3419 imprimis
846 3321 1034 3418 capricum
1051 3315 1217 3392 annuum,

264 3441 366 3535 cujus
393 3439 541 3537 quidem
565 3441 681 3514 virtus
713 3435 974 3512 indomando
1002 3435 1141 3520 vomitu
1166 3424 1218 3526 qui
1262 3455 1263 3517 t

262 3551 355 3626 febri
381 3555 495 3630 ilavae
522 3559 672 3655 accidit,
699 3555 929 3658 jamdudum
946 3555 1124 3650 innotuit,
1141 3548 1217 3622 dum

262 3673 449 3773 singularis
476 3678 638 3779 ejusdem
655 3681 694 3751 iu
711 3677 970 3779 praecavendis
997 3673 1151 3748 febrium
1175 3689 1217 3740 re·
1260 3777 1261 3784 ἵ

262 3795 388 3872 cidivis
420 3800 585 3901 potentia
618 3804 657 3875 in
694 3800 763 3874 hac
796 3814 920 3877 nostra
945 3793 1137 3898 Epidcmiu
1169 3783 1215 3864 vel

1134 4405 1138 4410 '
1252 4409 1258 4447 l
