2594 4476
955 285 1024 364 285
1044 333 1048 340 ·

155 408 191 490 e)
225 401 263 476 Si
288 415 463 503 systema,
492 400 554 479 vel
578 425 740 501 organon
773 401 960 504 quo'ddam
992 403 1050 479 in.·'

78 523 261 600 flammari
286 538 458 626 coeptum
484 537 556 622 est,
578 536 662 596 tum
683 523 844 623 functio,
865 527 935 600 cui·
950 552 1052 628 prae·

80 635 153 744 est,¹
174 647 316 743 integra
333 669 489 721 *manere
510 669 590 736 uon
615 657 751 746 potest,
769 647 873 718 etita
890 647 1050 747 quidem,

78 779 122 838 ut
145 766 350 866 principio⁷
373 765 439 838 ubi
463 763 703 841 inflammatio
728 765 896 840 nondum
921 767 978 840 est
991 789 1050 844 ve·
1167 769 1173 791 “

76 883 252 984 hemens,
277 885 440 960 ciusdem
466 887 607 964 functio
633 885 681 958 sit
704 889 829 986 utique
853 885 1047 987 impedita,

76 1019 115 1082 et
143 1007 222 1080 fieri
247 1031 324 1081 non
349 1008 481 1107 possit,
499 1007 570 1082 nisi
587 1031 671 1080 cum
688 1005 899 1081 difficultate
925 1021 962 1082 et
985 1007 1048 1082 do·

75 1125 239 1216 lctibus,
256 1114 321 1200 ted
335 1152 413 1202 non
430 1151 620 1228 suppressa
634 1128 698 1224 sit,
715 1126 833 1202 donec
855 1126 924 1202 sub
942 1125 1048 1202 vehe-

75 1248 262 1340 mentiore
287 1243 584 1322 inflammationis
608 1247 721 1344 gradu
743 1251 895 1323 omnino
919 1250 1046 1324 iaceat.

74 1371 141 1470 Itu¹
163 1368 276 1442 etiam
299 1394 355 1442 res
377 1394 415 1442 se
433 1367 568 1442 habere
584 1367 711 1469 debet,
737 1391 822 1464 cum
846 1369 1048 1445 inflamma·

74 1491 135 1566 tio
153 1487 258 1562 adest
272 1491 312 1562 in
329 1503 526 1589 systemate
539 1515 709 1578 vasorum
724 1490 1049 1592 lymphaticomm,

74 1611 120 1684 id
144 1609 391 1710 quodetiam
426 1612 467 1682 in
499 1609 568 1686 hac
601 1609 824 1710 phlegmasia
857 1610 1047 1696 observate

73 1753 273 1831 possumus
280 1757 291 1829 5
324 1755 411 1804 nam
444 1755 530 1802 cum
561 1728 775 1832 plerumque
806 1728 1046 1808 inflammatio

71 1848 140 1928 vel
164 1851 213 1934 in!
237 1848 347 1950 plexu
372 1849 548 1949 lumbari,
572 1849 630 1925 vel
646 1853 692 1923 in
723 1853 816 1926 vasis
850 1851 1046 1926 sacralibus

73 1984 115 2048 et
141 1970 403 2048 intestinorum
425 1973 641 2062 crassiorum
665 1971 724 2050 vel
744 1974 785 2046 in
799 1973 1044 2074 inguinalibus

70 2089 272 2167 exordium
297 2092 431 2192 capiat,
457 2097 618 2192 primum
642 2091 703 2166 hic
736 2095 859 2191 etiam·
880 2093 1046 2169 dolorem
1093 2122 1095 2128 ·

71 2211 334 2314 obstruamus,
359 2213 523 2312 quamvis
553 2212 695 2287 functio
728 2213 837 2286 huius
869 2228 1044 2314 systema·

71 2336 143 2430 tis,
161 2332 272 2432 ‘quod
286 2332 514 2432 -resorptioni
539 2308 697 2434 praeest,
722 2330 892 2410 nondum
914 2347 1045 2432 cesset,

71 2454 207 2529 donec
232 2451 399 2552 tandem,
428 2451 718 2528 inflammatione
745 2467 850 2550 aucta
882 2467 920 2528 et
950 2453 1046 2548 ultra

69 2595 284 2676 progressa,
309 2571 380 2646 hoc
394 2575 642 2673 ¹rescrptionis
666 2598 799 2646 munus
825 2575 977 2648 omnino
996 2575 1046 2670 ia-

69 2705 181 2791 caat,
203 2691 304 2792 quod
328 2717 413 2765 cum
431 2692 655 2791 factumest,
676 2695 871 2775 mirumiu
896 2695 1049 2788 modum
1106 2749 1109 2757 ,

68 2812 290 2888 intumescit
313 2811 519 2888 membrum
543 2811 641 2886 malo
664 2828 882 2915 correptum.
901 2817 968 2890 Est
982 2817 1045 2916 igi
1100 2910 1102 2918 y

68 2948 138 3007 tur
163 2929 225 3003 hic
250 2944 386 3030 tumor,
413 2957 522 3033 quem
547 2935 690 3032 signum
717 2933 1045 3035 pathogncmicu'm

68 3053 187 3126 huius
211 3049 455 3152 phlegmasiae
479 3052 626 3146 habere*
640 3057 911 3154 consuevimus,
940 3057 1060 3143 nullu¹

68 3170 191 3248 modo
210 3165 418 3272 symptoma
439 3173 552 3272 ipsius
573 3171 870 3248 inflammationis
894 3176 934 3247 in
950 3177 1045 3250 vasis

69 3289 320 3392 lymphaticis.
349 3291 559 3389 essentiale,
591 3291 656 3365 sed
677 3281 810 3392 'potius
843 3295 1045 3368 necessaria
1081 3367 1084 3378 ,

70 3411 274 3490 crescentis
307 3410 469 3486 eiusdem
500 3409 654 3510 sequela.
689 3413 810 3502 Quare
843 3437 934 3512 opus
967 3405 1044 3500 nou
1095 3442 1098 3456 ·

68 3543 154 3630 cst,
181 3541 227 3603 ut·
247 3529 319 3604 hic'
340 3545 479 3629 tumor,
505 3529 658 3604 simulac
690 3531 755 3604 fiat
785 3531 1045 3634 inflammatio,

70 3650 203 3726 statim
228 3652 338 3730 etiam
362 3664 552 3751 appareat,
585 3650 650 3727 sed
675 3665 801 3727 coutra
835 3678 911 3728 non
943 3654 1050 3754 prius

69 3773 167 3860 fieri-
181 3783 320 3874 potest,
346 3795 456 3874 quam
482 3797 568 3848 cum
592 3775 796 3878 systematis
827 3771 1043 3880 lymphatici
