2594 4476
958 293 1009 368 18

81 420 234 509 aentper
267 408 337 484 erit
367 431 492 509 canna,
525 433 591 484 our
614 406 677 484 hie
711 419 838 484 tamon¹
864 317 1055 514 apparedt5

78 545 121 606 et
147 529 248 604 hane
274 543 464 636 exauctam
489 528 774 630 exhalationem,
806 549 937 632 qnam,
970 557 1059 610 enm

79 652 207 728 omnia
239 648 478 728 inflammatio
512 653 688 730 maiorem
722 654 944 753 systematis»
963 667 1080 730 arta·

77 772 171 849 rioai
197 769 396 848 efficaciam
428 773 579 873 excitat,
610 771 738 850 adesse
752 771 1053 873 crediderimus,

77 915 125 966 eo
162 892 287 968 minus
322 892 535 992 negabimus
547 948 558 993 ,
589 895 674 995 qnia
706 891 812 969 illa
801 917 884 993 apaa
914 895 1055 996 optime

75 1011 373 1111 magnitudinem
398 1015 580 1114 tumoris,
594 1013 670 1090 fere
695 1037 839 1114 semper
854 1012 978 1091 autito
1003 1007 1054 1090 el·

77 1135 249 1232 formati,
276 1133 444 1234 explieat.

125 1262 205 1353 ‚gl
222 1255 388 1354 Denique
405 1257 530 1354 quani
545 1268 677 1354 potest,
694 1279 760 1333 eur
774 1253 837 1330 hio
854 1269 977 1334 tumor
989 1258 1054 1357 qai

77 1399 126 1450 ex
160 1385 269 1448 aneta
293 1372 523 1450 exhalatione
548 1387 586 1450 et
606 1372 797 1450 demimna
822 1373 882 1451 vel
905 1401 1054 1478 prorant

76 1491 226 1572 eutha
258 1495 484 1594 resorptione
520 1494 699 1593 originem
731 1491 861 1596 trahit,
892 1499 1054 1596 speciem

75 1613 284 1692 oedema'tia
316 1639 403 1714 prae
428 1639 469 1690 ae
497 1637 575 1698 non
611 1614 721 1713 ferat,
752 1639 840 1690 enm
872 1615 1055 1708 omnibns!

76 1745 216 1811 notum
240 1735 304 1832 ait,
329 1731 438 1810 simili
462 1734 605 1808 ratione
630 1756 759 1810 omnes
784 1735 1051 1812 otini-mmorea

74 1854 316 1958 hydropiaos.
342 1853 408 1928 Hia
433 1878 520 1929 vero
545 1843 798 1934 obiiciendum
822 1851 894 1956 eat,
929 1867 1051 1934 tnmo·
1169 1883 1172 1889 ·

75 2001 136 2050 res
150 1974 387 2076 'hydropicos
413 1974 522 2050 simili
545 1976 715 2077 quidem,
739 1976 806 2054 aed
822 2001 900 2054 non
920 1975 1049 2056 atdena

75 2097 224 2172 ratione
259 2095 455 2194 efformari,
493 2119 582 2172 nam
603 2107 780 2173 'tumoiea
811 2097 895 2176 ill'oa
930 2119 1051 2199 nequa

75 2224 169 2292 tam‘
183 2216 304 2294 subito
319 2217 414 2316 fieri,
427 2241 555 2317 neque,
565 2213 895 2294 inflammationem
916 2240 1051 2320 veram,

76 2338 225 2438 saepin'a
248 2349 383 2412 statum
405 2337 654 2438 paralyticum
678 2360 859 2416 vasorum·
878 2337 1053 2442 lympha·

75 2457 240 2562 tinorum
265 2481 412 2532 oausam
436 2457 592 2558 habere,
618 2483 695 2560 qno
718 2463 881 2560 evenire,
916 2473 959 2537 nt
991 2472 1051 2535 ta·

74 2603 201 2654 morea
222 2576 440 2678 'plegmaaiae
467 2577 589 2677 albae,
613 2591 756 2679 praeter
772 2577 843 2654 alia
865 2582 963 2656 inter
987 2603 1050 2654 eoa

77 2711 118 2773 et
141 2696 369 2802 hydropiooa
394 2698 625 2798 discrimina,
650 2700 765 2798 magia
790 2712 960 2776 naturam
990 2700 1049 2776 in·
1108 2759 1111 2768 .

78 2818 360 2918 damnatoriam
392 2819 561 2896 indicent
592 2831 631 2894 et
661 2821 776 2919 magia
812 2821 906 2897 tenet
940 2833 1049 2922 atque

78 2937 201 3014 calidi·
215 2937 381 3016 avadant
408 2939 598 3020 Interdum
620 2939 893 3018 obaervavimna
910 2953 1048 3038 autem,

77 3071 167 3163 post
191 3058 408 3160 plegmaaiae
432 3060 536 3136 alhae
566 3061 737 3139 dolentia·
752 3060 958 3158 deoeaanm,
987 3083 1050 3132 ex·

78 3181 320 3280 manitatem,
347 3179 392 3254 ab
418 3179 480 3254 illa
509 3195 737 3281 comptam,
768 3179 845 3254 fieri
880 3178 1049 3270 oedema·
1167 3276 1170 3284 Ι

81 3314 219 3399 tosam,
240 3303 334 3402 'quia
365 3311 449 3376 vasa
481 3300 727 3402 lymphatica,
759 3297 1048 3374 inflammatione

78 3419 152 3494 hae
177 3419 384 3520 debilitata,
401 3433 578 3496 'exortam
604 3419 790 3495 tumorum
818 3417 1049 3520 leneophlegr

78 3542 300 3618 matieoru'm
326 3523 526 3628 foveant.)

143 3654 187 3755 d)
207 3662 244 3736 Si
260 3685 348 3738 vero
364 3663 624 3762 negaverimus,
638 3685 784 3738 eausam·
800 3659 909 3736 huius
925 3658 1049 3763 phleg-

75 3783 214 3858 maniae
259 3787 377 3860 ineaae
420 3786 461 3886 in
506 3781 796 3860 inflammatione
839 3783 1046 3884 ayatematia
1088 3821 1105 3830 --
1186 3791 1191 3802 '
