2542 4480
959 292 1031 370 103

98 399 279 492 turbans‚·
295 429 381 478 cum
419 405 615 506 punctosio
652 405 840 484 interdum
880 423 919 485 et
951 416 1055 514 qussi
1120 425 1130 454 ⁸

90 522 274 634 pleuritico
299 525 422 608 lateris
448 527 575 604 dolore
587 586 598 629 ‚
631 525 753 606 velet
777 531 928 633 profusa
952 538 1054 637 puri·

95 647 255 728 formium
279 653 530 753 expectoretio
565 678 651 744 cum
683 651 880 730 sudoribus
904 671 1056 732 noctur·

97 773 165 871 nis,
195 772 369 874 viscidis,
402 776 549 852 odorem
588 773 679 850 kuic
701 773 838 852 morbo
866 785 1057 881 proprium

89 893 318 995 opimatibus,
350 895 606 1000 colliqnetlvisa
635 897 711 972 Sub
744 899 942 975 universali
957 922 961 932 ·
976 915 1056 976 ten·

92 1013 169 1092 dem
192 1017 363 1121 hydrope
389 1031 581 1121 cessarea,
608 1021 673 1122 qui
696 1031 734 1096 et
750 1022 852 1096 ocius
869 1021 1056 1100 interdum

92 1163 254 1242 apparere
282 1145 475 1218 consuevit
487 1198 498 1242 ,
531 1141 666 1220 velet
698 1145 858 1219 extremi
891 1145 1055 1247 corporis
1178 1228 1182 1236 ,

91 1265 196 1338 macie
221 1290 440 1366 summoque
466 1266 601 1340 virium
635 1263 822 1368 collapso,
856 1267 928 1342 nisi
962 1281 1055 1342 tem·

90 1387 219 1482 pcstive
245 1398 483 1485 succuritur,
509 1389 731 1486 extinguitur
756 1413 871 1488 aeger„

158 1507 201 1580 In
240 1507 323 1582 eliis
351 1507 515 1607 casibus,
546 1493 753 1608 typbodem‘
788 1511 911 1609 potius
946 1510 1055 1612 hujus

90 1631 213 1728 speciei
238 1630 398 1706 sormam
422 1627 680 1728 referentibus,
703 1629 904 1706 acutiorem
929 1627 1056 1708 decur·
1163 1719 1166 1726 .

89 1775 162 1826 sum
186 1777 336 1831 servans
366 1751 517 1828 morbus
542 1751 583 1828 in
610 1751 825 1860 continuem
861 1753 1078 1850 nervosam.

87 1887 258 1977 mutatur,
285 1891 428 1952 servato
452 1876 604 1976 interim
628 1875 743 1976 magis
767 1875 935 1952 minusve
970 1901 1058 1950 con·

87 1997 206 2096 spicue
240 1999 419 2103 tertianae
455 1980 616 2100 duplicis
650 2012 761 2099 typo,
802 1999 867 2100 qui
906 1997 1055 2106 quidem

24 2105 28 2116 ⁸
88 2115 253 2196 decursus
294 2126 434 2222 primae
469 2121 701 2222 potissimum
734 2122 870 2221 speciei
909 2134 1056 2196 nostres

85 2239 299 2318 vtribuendus
323 2241 487 2342 videtur,
512 2247 640 2343 juncto
676 2254 801 2314 umen
824 2241 866 2319 in
892 2253 1055 2320 anteces-

87 2386 163 2440 sum
186 2341 390 2442 decessioni
414 2364 480 2438 uni
506 2361 566 2440 vel
590 2360 967 2466 alterisymptomete
993 2345 1054 2438 eli·

87 2509 156 2586 quo
180 2486 380 2564 cholerico.
502 2519 524 2538 ··
1007 2571 1010 2578 .

153 2611 208 2684 Et
235 2607 389 2712 quidem
413 2605 626 2682 mirandum
650 2631 738 2680 sane
762 2605 879 2682 videri
913 2621 1055 2708 posset,

86 2710 322 2832 prouectum,
339 2755 451 2832 quam
467 2729 599 2805 ultimo
614 2729 919 2820 memoravimus,
937 2729 1058 2804 morbi

73 2853 241 2952 ‘speciem
259 2866 337 2924 tam
360 2876 445 2927 rnro
470 2850 645 2926 lethalem
661 2849 791 2952 fuisse,
816 2851 889 2926 nisi
904 2875 1057 2954 perpen·
1138 2911 1142 2914 .

87 2971 197 3076 duur,
214 2973 422 3074 longiorem
438 2975 566 3076 utique
581 2971 694 3076 hujus
711 2973 850 3050 formae
866 2971 1062 3048 decursum

87 3095 287 3174 medicinae
313 3095 509 3172 faciendae
531 3094 820 3172 commodiorem
850 3095 1057 3195 praebuisse

87 3221 339 3320 occasionem,
376 3244 495 3321 neque
534 3219 611 3292 tain
649 3242 820 3321 praesens
858 3215 920 3292 hic
958 3216 1056 3290 vitae

89 3342 307 3444 periculum,
331 3367 374 3416 ac
404 3342 445 3416 in
471 3342 601 3415 ceteris
620 3339 846 3442 speciebus,
885 3338 1055 3414 extitisse.

88 3459 252 3566 Accedit,
283 3463 386 3566 quod
411 3461 523 3538 febris
549 3459 612 3534 illa
644 3459 822 3563 paludosa
854 3449 1057 3563 protracte,
1128 3555 1133 3562 ι

90 3587 251 3682 quamvis
268 3587 358 3670 ¹lere
384 3583 527 3686 singula
557 3585 599 3658 in
628 3575 819 3659 'nonnullis
852 3581 1057 3656 exhibuerit
1182 3651 1193 3670 ,

88 3702 273 3801 phthiseos
309 3705 532 3810 pulmonelis
570 3718 840 3808 symptomata,
873 3703 1056 3776 diversam

90 3835 209 3904 tamen
221 3829 328 3932 longe
341 3857 362 3906 a
378 3827 517 3934 phthisi
532 3828 690 3932 genuine
701 3825 867 3906 indolem
883 3821 1055 3902 habuisse
