2594 4476
937 315 1006 367 221
1050 330 1055 336 '

75 409 164 501 certe
189 424 288 527 apud
313 411 406 501 duas
437 409 619 532 aegrotas,
652 430 693 503 in
725 411 864 530 quibus
890 417 1036 508 inflam-

73 550 180 622 matio
214 547 357 622 localis
373 551 448 624 iam
472 553 628 652 ¹penitus
664 569 853 626 unacum
891 567 1036 628 tumore
1089 644 1091 660 Ι
1194 601 1196 608 ,

75 679 147 742 eiat
166 667 371 767 efformata,
397 672 583 742 incussum
606 674 824 744 vesicatoria
847 657 889 742 in
919 673 1038 742 forma

74 789 183 863 vittae
206 803 431 864 transversae
458 790 598 862 circum
618 812 713 888 genu
740 788 788 860 nd
803 787 898 861 latus
924 801 1039 860 exter·
1106 793 1117 825 *

74 931 159 980 num
184 921 222 982 et
255 909 447 982 anticruris
477 922 517 982 et
542 909 691 984 semoris
715 897 920 982 identidem
952 919 1039 981 sunt

47 1027 252 1120 adhibita,
278 1053 322 1102 ex
348 1047 420 1130 qun
448 1043 612 1132 tempore
638 1028 685 1104 ab
711 1019 840 1105 eorum
865 1054 934 1104 usu
960 1039 1039 1103 om·

72 1151 162 1224 nino
186 1147 438 1225 abstinuimus.
497 1151 499 1156 ’
661 1150 665 1162 ’
808 1139 812 1144 ’

13 1353 14 1358 ’
77 1329 247 1398 <stelenus
264 1333 485 1402 commendantur
503 1334 661 1388 vesicaturia
672 1351 688 1387 a
699 1333 873 1388 celeberrimo
890 1335 971 1403 beer,
982 1335 1034 1388 loc.

131 1420 176 1474 cit.
194 1421 228 1474 11.
246 1437 305 1490 pag.
324 1421 381 1489 ‚124
387 1460 395 1489 ,
415 1423 463 1494 qui
481 1421 574 1474 decem
590 1428 639 1474 sut
655 1421 781 1500 undecim
798 1430 964 1491 aegrotantes
986 1408 1037 1492 ops

131 1509 369 1594 vesicatoriorump
382 1512 411 1562 in
428 1510 512 1564 forms
523 1508 688 1582 periscelidis
700 1509 772 1562 circa
789 1525 858 1576 genu
876 1509 1037 1579 positorum,

132 1595 204 1648 intra
221 1595 362 1652 duodecim
373 1597 453 1652 horas
464 1613 491 1650 se
503 1613 610 1650 sanasse
621 1596 768 1650 contendit
781 1597 923 1650 Praeterea
940 1613 973 1652 ea
982 1597 1039 1676 lau·

49 1677 53 1686 ’
88 1744 92 1749 .
123 1681 195 1764 xdata
211 1685 317 1756 reperio
335 1703 351 1738 a
368 1683 475 1756 Sankey
487 1683 535 1748 (cl
554 1685 653 1756 Casper
663 1683 714 1738 loc.
727 1685 771 1736 cit
783 1679 842 1756 pag.
854 1683 912 1751 48.)
929 1683 1038 1751 Albers,

132 1769 182 1834 (cl.
195 1769 342 1826 Huselauds
352 1773 428 1827 Jour.
443 1775 514 1842 ¹⁸¹7·
526 1773 607 1826 Febr.
620 1791 679 1846 pag.
702 1778 757 1844 17.)
775 1780 803 1826 et
819 1774 905 1844 Wyer
922 1771 970 1836 (ci.
989 1769 1040 1824 ibi-

134 1857 195 1912 dem
211 1856 286 1930 Juny
303 1879 362 1932 pag.
380 1863 439 1926 58.)
450 1855 490 1916 'et
506 1862 541 1914 ab
557 1861 625 1916 aliis.
642 1863 741 1936 Cusper
757 1879 835 1932 vero,
854 1871 885 1916 ut
901 1879 966 1930 nos,
983 1859 1039 1914 frua

133 1951 188 1999 stra
212 1948 245 2002 ab
264 1965 359 2002 eorum
383 1967 435 2004 usu
457 1952 586 2008 auxilium
616 1954 775 2025 promissum
798 1952 969 2024 exspectavit.
989 1949 1039 2012 (cl.

134 2031 185 2088 loc.
203 2035 248 2090 cit.
266 2054 325 2110 pag.
344 2039 385 2093 53.
404 2035 432 2094 et
448 2040 517 2106 su>-
568 2037 572 2041 ’

149 2213 310 2296 Simulus
336 2215 481 2292 dolores
507 2215 810 2300 hunctumurem
826 2213 1042 2294 anteceden-

72 2348 130 2408 tes
154 2335 429 2436 exoriebantur,'
449 2339 673 2437 curavimus,
690 2351 732 2411 ut
747 2350 868 2436 partes
895 2334 1044 2410 affectae

70 2451 134 2528 vel
159 2453 415 2556 obtegerentur
441 2435 1070 2557 sacculia'calesactis,⁶furfurumv

72 2576 304 2652 uitiosorum
328 2577 387 2652 vel
413 2577 656 2652 secaliuorum
681 2559 817 2678 plenis,
838 2573 900 2654 vel
923 2577 964 2650 in
978 2599 1044 2650 eos

69 2693 359 2779 involverentur.
385 2697 459 2770 Ubi
485 2723 572 2772 vero
597 2695 838 2794 inflammatio
856 2719 942 2772 non
968 2709 1046 2774 tam
1153 2715 1155 2720 '

70 2812 273 2890 vehemens
299 2803 422 2891 adesse
449 2817 660 2918 videbatur,
683 2805 822 2893 ¹sacculi
843 2817 884 2896 hi
909 2817 1045 2918 specie·

69 2932 145 3008 bus
176 2934 474 3030 discutientibus,
507 2963 553 3014 ex
583 2938 736 3016 floribus
767 2936 1045 3035 chamomillse,
1133 2995 1148 3012 .

68 3053 261 3156 sambuci,
286 3056 407 3132 herbis
432 3059 605 3134 menthae
638 3061 777 3159 crispas
813 3051 866 3132 etv
881 3051 1047 3130 melissae

68 3175 328 3280 similibusque
355 3182 504 3280 paratis,
530 3178 589 3257 vel
613 3176 804 3279 speciebus
835 3175 1048 3276 pharmaco·

67 3293 1049 3397 poeaessorussicaearomaticisimplebanturtQuibus

43 3507 48 3514 ι
68 3441 144 3522 per
161 3417 260 3492 diem
278 3417 487 3521 applicatis,
512 3401 779 3518 maguum'iam
804 3439 849 3490 ex
864 3413 1057 3498 illisaccm

56 3551 213 3640 perunt
242 3554 467 3640 aegrotantes
496 3539 666 3616 dolorum
689 3537 873 3636 levamen,
897 3557 1050 3638 quapro-

66 3672 161 3758 pter
177 3660 433 3761 conclusimus,
445 3660 542 3763 benc
556 3685 725 3737 vasorum
738 3657 1051 3760 lymphatieomm

66 3776 407 3860 inflammationem
428 3779 603 3863 *eundem
640 3805 684 3856 ex
722 3777 1048 3864 sementationibus
