2570 4482
951 255 1002 357 ιι

147 373 259 468 Quam
282 370 434 448 obrem
443 370 560 446 nulla
576 391 683 450 causa
700 387 863 476 superest
883 383 1027 477 praeter

81 489 218 578 halitum
231 473 337 595 longe
354 495 669 596 perniciosiorem,
686 503 770 570 ver'e
786 495 1026 597 paludosum,

81 613 217 711 ejectum
243 639 264 696 e
291 613 451 712 cloacis,
476 613 573 717 hanc
597 616 814 713 praesertim
843 614 1025 692 urbis-re-
1070 665 1073 680 ·

79 733 205 830 gionern
229 729 515 835 occupantibus,
543 760 697 810 numero
729 749 792 810 aut
820 739 1026 837 capacitate

77 855 228 954 magnis,
259 857 369 954 uaria
389 868 469 952 ‚tam
503 854 696 954 vegetabili
731 882 846 956 quam
879 859 1029 938 animali

77 975 207 1048 materie
223 969 531 1075 excrementitia,
529 1003 656 1078 eaque
682 1003 751 1078 pro
776 980 934 1052 maxima
942 1003 1030 1079 pan»
1120 977 1122 984 ’

76 1098 288 1172 teevacuari
310 1098 451 1196 nescia,
480 1123 623 1198 semper
648 1097 786 1216 plenis,
815 1111 1030 1202 tempestate

75 1213 165 1290 solita
179 1231 282 1292 motu
307 1220 483 1300 intestino
511 1245 642 1323 parum
665 1222 820 1319 agitate,
846 1220 937 1295 haec
944 1231 1032 1318 ma·
1104 1261 1108 1270 ·

75 1336 166 1410 teries
192 1325 316 1438 parles
354 1337 532 1431 volatiles
553 1336 719 1424 inclusas
749 1343 870 1442 quiete
903 1357 1028 1443 auget,

73 1451 157 1530 fovet
192 1474 229 1532 et
261 1458 311 1532 ad
343 1465 524 1560 majorem
567 1462 807 1562 acrimoniam
847 1463 1032 1564 disponit,
1108 1537 1110 1540 ,

72 1597 168 1678 usque
193 1577 283 1656 dum
308 1579 456 1654 insolito
472 1580 625 1678 ardore,
652 1581 794 1680 aliaque
819 1581 913 1656 forte
940 1609 1023 1682 cau·

71 1719 103 1768 aa
129 1693 358 1796 obscuriore
368 1701 611 1800 accedente,
609 1699 667 1776 ad
699 1703 1022 1814 fermentationem

71 1820 267 1914 putridam
256 1824 426 1917 metten,
453 1848 607 1923 vapores
634 1823 789 1924 expellit
808 1825 1032 1980 experientia

73 1938 170 2026 nimis
195 1956 308 2024 notos
328 1941 441 2040 (ιι.

134 2059 307 2154 Forsitan
345 2061 437 2137 haec
475 2041 583 2140 causa
617 2089 699 2148 non
737 2066 921 2144 omnibus
946 2069 1033 2142 satis

72 2190 183 2278 aperta
215 2207 315 2257 asse
323 2183 526 2284 videbitur,
552 2198 602 2256 et
614 2185 693 2258 alia
719 2185 938 2282 desiderari
947 2208 1032 2285 pon·

72 2313 117 2372 set
139 2317 200 2378 aut
208 2289 384 2410 aliunde
393 2304 528 2403 petita3
553 2327 670 2402 quae
664 2303 831 2378 dubia
804 2331 836 2381 ει
862 2303 1033 2406 duxerint

72 2417 128 2492 ad
143 2425 315 2524 repetitas
352 2405 405 2496 et
428 2425 626 2507 curationes
660 2426 971 2524 inquisitiones,
968 2423 1036 2500 nil

71 2542 132 2644 nisi
155 2543 248 2620 honi
275 2545 389 2618 exiis
423 2543 535 2623 fluere
569 2548 722 2648 poterit,
749 2542 951 2622 dummodo
984 2545 1034 2625 ob

71 2663 193 2754 oculus
212 2665 395 2756 habeatur
417 2692 616 2804 semper,
614 2691 693 2743 rem
719 2692 797 2746 esse
833 2663 1035 2772 admodum

71 2785 196 2862 seriam
226 2813 306 2863 uon
330 2813 477 2888 errasse
505 2789 573 2860 in
584 2761 849 2887 conclusione,
880 2785 928 2862 de
963 2800 1064 2891 qua‘

72 2905 232 3000 pendent
252 2877 488 2992 millenarum
504 2907 699 2988 hominum
719 2909 809 2982 vita
808 2932 863 2980 ac
886 2909 1036 2984 sanitas.

73 3021 105 3094 si
128 3030 218 3126 quis
234 3027 348 3124 igitur
372 3030 600 3128 propositam
623 3053 772 3106 causam
798 3028 943 3104 effectui
958 3029 1036 3112 mi-

70 3167 134 3218 nus
149 3169 280 3248 parem
295 3172 372 3220 esse
390 3151 592 3248 censuerit,
614 3150 736 3258 prius,
763 3172 906 3246 precor,
925 3169 1037 3246 quam

73 3287 147 3339 eam
179 3257 326 3342 omittat
356 3268 418 3353 vel
448 3271 594 3369 penitus
631 3269 789 3370 rejiciat,
826 3263 1038 3380 morbosam
1096 3323 1104 3338 .

76 3549 114 3615 (ι)
129 3546 201 3606 Non
207 3553 256 3606 soli
267 3513 428 3620 &malope
429 3549 550 3620 topicam
561 3563 619 3600 esse
636 3549 791 3610 morborum
808 3549 923 3616 somena,
936 3548 1036 3602 docent

129 3639 281 3720 Epidemiae
307 3642 514 3720 Monogenem,
539 3641 598 3690 ιιιιι
617 3637 682 3690 anni
702 3638 766 3737 rp36
787 3639 927 3706 Dauniae,
954 3641 1035 3706 quam
1078 3644 1081 3649 '

133 3728 198 3798 1782
209 3730 335 3784 Lorrcaro
347 3727 494 3796 descripta
506 3725 787 3810 utramquenimirum
803 3725 958 3793 legimusr
979 3721 1036 3773 Pla·

132 3823 178 3869 tea
193 3821 280 3871 nancti
295 3816 370 3869 Pauli
387 3814 469 3866 fuisse
486 3803 616 3866 exortam
634 3811 692 3866 ιιι
710 3812 812 3880 Grurt,
831 3811 851 3866 l.
869 3827 892 3864 e.
909 3821 969 3881 pag
986 3803 1029 3860 fl.

167 3923 190 3978 J.
207 3925 298 3982 anlt
307 3925 411 3982 -·Vol.
428 3923 475 3980 111.
849 3942 852 3949 ·
894 3919 910 3974 3
