2542 4480
950 265 1021 368 157

98 385 373 516 Quamquam
389 379 604 506 pierumque
620 380 683 460 tte
701 379 826 460 tumor
839 404 952 462 unam
967 400 1049 464 tan·

95 517 164 582 tum
187 523 352 610 occupat
366 495 637 599 extremitatem
658 489 894 610 inferiorem,
924 521 1051 586 tamen

93 647 161 704 non
183 655 270 704 rsro
290 630 580 729 observavimus,
600 627 755 702 niteram
776 630 889 706 οιιιιιιι
910 631 1049 746 surripi

93 743 354 824 extremitatem.
376 751 541 844 Quod
513 775 544 826 sr
560 741 693 824 locum
709 740 877 863 habebit,
904 753 1051 826 eveniet

87 871 301 971 saepissime,
310 883 513 972 postquam
527 869 809 944 intumescentia
825 848 865 948 ιιι
882 847 1050 970 partibus

92 1003 187 1066 antea
211 981 387 1108 correptis
409 993 485 1066 iem
505 989 612 1067 valde
629 989 794 1066 decreuit
817 990 877 1066 vel
899 992 1049 1092 penitus

90 1109 156 1184 fere
179 1113 334 1186 recessit.
360 1113 459 1184 Tum
493 1111 716 1192 recrudescit
735 1093 874 1210 febris,
901 1113 1048 1186 antece-

91 1229 188 1306 dente
219 1231 491 1333 refrigeratione
526 1245 590 1306 aut
623 1229 793 1333 aliquo'
783 1258 825 1306 ιιι
857 1166 977 1320 diaeta
1009 1247 1049 1310 et

86 1353 252 1452 regimine
276 1367 429 1472 peecato
441 1410 452 1454 ,
485 1368 550 1430 aut
582 1355 661 1428 sine
683 1353 757 1426 ulla
771 1407 790 1453 ,‚
808 1379 901 1456 quae
927 1353 1046 1457 delegi

88 1475 219 1574 possit,
245 1491 375 1576 cause,
400 1490 438 1550 et
462 1489 546 1576 post
570 1496 831 1574 paroxysmum
858 1473 1049 1555 fortiorem

90 1593 189 1670 febris
216 1595 386 1700 oriuntur
410 1584 524 1668 iidem
548 1592 694 1670 dolores
727 1608 767 1668 et
794 1594 896 1668 idem
926 1603 1053 1672 tumor

89 1716 124 1793 in
147 1716 257 1792 altera
283 1717 532 1816 extremitate,
566 1713 724 1788 eundem
758 1714 889 1789 facturi
920 1715 1050 1796 decur-

89 1851 165 1912 sum
158 1842 238 1936 (1.)
257 1837 295 1912 Si
311 1852 434 1913 autem
452 1835 500 1911 sd
515 1770 659 1940 demptus
684 1836 915 1942 respicimus,
937 1865 1052 1942 quan·

90 1953 154 2057 do,
179 1951 306 2034 exorto
334 1960 410 2032 iam
441 1959 483 2032 in
514 1981 598 2030 una
620 1959 847 2032 extremitate
880 1971 1048 2063 tumore,
1127 2043 1130 2050 ,

89 2073 191 2152 altera
216 2073 335 2154 etiam
356 2077 573 2174 intumuerit
604 2079 831 2186 extremitas,
865 2105 908 2153 ex
939 2079 1048 2178 huius
1090 2091 1093 2098 '

88 2195 167 2270 mali
200 2197 376 2300 exemplis
397 2198 454 2283 ‚in
477 2188 672 2296 'ambabus
705 2190 993 2324 extremitatibus
1025 2230 1047 2280 a

88 2315 185 2394 nobis
210 2317 410 2426 observatis
431 2331 600 2420 apparet,
616 2315 738 2391 hane
729 2314 1048 2422 intumescentium

88 2437 124 2542 in
146 2437 257 2518 alteru
291 2417 529 2518 extremitate
548 2439 605 2517 bis
617 2437 725 2544 post
757 2438 955 2516 duodecim
988 2443 1047 2518 vei

88 2533 256 2646 tredecim
282 2559 377 2660 dies,
403 2545 516 2636 semel
532 2574 617 2662 post
634 2573 726 2659 tres,
750 2539 863 2634 semel
888 2549 1057 2666 denique

87 2693 171 2778 post
188 2696 367 2816 uuatuor
370 2680 622 2756 hebdomades
645 2693 808 2812 exortam
834 2703 911 2756 esse
938 2687 998 2778 (ι).

91 2842 129 2908 (ι)
145 2809 242 2909 Amisus
260 2841 327 2898 ruer
343 2843 396 2901 hoe
411 2851 519 2912 tunore
536 2799 737 2913 extremitates,
752 2861 843 2898 rarum
859 2862 917 2919 essu
933 2851 1045 2900 constu-

145 2931 183 2986 dit
203 2931 313 3000 Whiteu
334 2940 363 2986 et
385 2933 498 3000 ediscit,
520 2933 666 2991 interdum
678 2951 740 2988 crus
761 2951 857 2991 senum
877 2913 1048 2988 cedemucre

143 3021 227 3090 magis
243 3020 419 3074 tumehctum
434 3029 528 3093 postes
544 3022 671 3093 reperiri,
687 3023 739 3080 loe.
751 3023 797 3076 eit.
808 3039 867 3092 ρας»
887 3038 927 3080 ιι.
944 3021 1045 3076 Eadem

119 3117 121 3124 ’
143 3108 283 3164 amovit
298 3107 411 3180 Casper,
427 3118 681 3180 confluentum
690 3117 868 3180 uymptsmsta
878 3108 991 3177 haecee,
1005 3109 1045 3162 iu·

143 3214 160 3247 ι
176 3196 251 3268 quit,
268 3198 389 3267 quamvis
405 3197 521 3267 leuiora,
543 3215 592 3268 per
608 3196 713 3268 adquot
734 3195 916 3250 hebdomades
932 3195 1045 3252 durave-

114 3275 127 3283 ”
144 3301 162 3335 ιι
177 3291 256 3354 runt,
272 3287 427 3340 extremitm
444 3287 530 3340 altera
546 3271 611 3338 sena
627 3285 765 3344 interdum
786 3285 953 3355 intumescit,
974 3301 1044 3356 qnae

144 3389 165 3425 u
177 3379 267 3428 antem
283 3371 490 3431 intumescentia
506 3374 681 3445 hydropicum
696 3374 855 3444 plerumque
866 3390 924 3430 sese
939 3373 1045 3446 prodit,

144 3479 164 3512 s
177 3461 230 3516 nisi
246 3461 360 3518 morbus
377 3462 477 3516 iterum
499 3479 600 3518 naum
621 3461 732 3532 incipiat
754 3461 906 3522 deterream.
926 3463 984 3517 tua
1000 3462 1047 3517 eit.

144 3563 204 3616 pag.
224 3548 263 3602 rs.
280 3549 351 3620 conf.
368 3567 427 3622 pq.
447 3550 550 3605 58.s›Si
561 3558 741 3614 rmonostrss
751 3567 813 3604 cum
825 3548 877 3604 hcc
894 3550 967 3607 dicte
978 3567 1050 3604 com·
1099 3571 1103 3578 ·

145 3635 499 3710 {tumuisset-ntiquom
514 3640 608 3711 utique
626 3640 789 3704 contendere
801 3655 955 3710 possumus,
972 3638 1050 3693 huuc

147 3728 292 3796 ιυξᾳοιριιι,
307 3743 370 3794 eum
393 3728 507 3794 alteram
529 3734 622 3798 postea
644 3727 816 3793 adoriebatur
829 3725 1046 3804 ¹extremitatem,

148 3825 294 3888 umquem
308 3815 532 3884 seseouteudnre
543 3813 831 3886 ‚cedsmatcsum,.sed
852 3819 949 3870 eontra
968 3811 1049 3870 illum
