2570 4482
260 265 310 342 26
338 281 339 288 ‘

233 388 281 466 de
306 387 454 463 sanitati
478 385 613 462 iule'stu
637 398 789 464 naturae
822 387 1023 468 violatione
1053 392 1202 474 somnia·

232 536 273 587 re
297 523 442 612 posset,
468 507 533 582 ubi
565 522 798 611 expertorum
828 509 1009 588 consensu
1040 514 1201 616 specifica

232 629 391 710 habetur
416 655 459 706 ac
485 657 570 708 vere
604 631 730 708 divina
754 631 921 735 ejusdem
949 623 1105 710 remedii
1135 637 1202 710 vir-

232 770 315 858 tus,
337 760 415 832 sine
433 781 505 859 qua
521 758 563 830 iu
580 779 724 834 summo
740 737 864 832 rerum
884 755 1097 834 discrimine
1124 784 1202 834 cou-

233 879 449 980 fugiendum
467 880 594 954 fuisset
611 878 660 952 sd
676 880 1081 984 certicem'mutricem,
1099 909 1202 986 quem

232 1017 357 1078 temen
382 1018 459 1100 tem
482 1001 589 1082 brevi
612 1004 788 1104 temporis
809 1004 928 1104 spatio
954 1006 1079 1082 minus
1107 1020 1201 1080 certo

231 1150 361 1226 ogere,
385 1126 621 1216 notissimumv
644 1137 721 1224 est,
748 1125 907 1227 quique,
928 1142 1076 1230 praeter
1101 1127 1202 1203 febri-

234 1247 358 1346 fugam
383 1249 492 1324 uuice
518 1246 581 1322 hic
607 1247 876 1347 necessarium,
907 1274 993 1324 cum
1019 1229 1201 1326 volumine

226 1371 344 1445 etiarn
369 1371 479 1447 nimis
504 1393 655 1470 magno,
682 1370 777 1444 vires
802 1369 1024 1472 possidet,
1012 1399 1055 1448 m
1080 1375 1200 1446 nostro

233 1515 319 1566 cesu
345 1493 467 1565 minus
487 1489 598 1566 utiles
624 1515 736 1592 quam
761 1495 901 1566 noxios.
916 1489 1082 1593 Itaque
1074 1518 1114 1568 ru
1139 1516 1201 1567 usu

231 1613 342 1715 hujus
367 1599 521 1689 remedii
545 1611 640 1691 nihil
664 1599 868 1688 dolendum
901 1615 1108 1714 superfuit,
1135 1614 1199 1717 nisi

233 1735 335 1838 quod
358 1763 491 1814 manus
518 1735 717 1812 deficerent
729 1734 904 1838 ,quibus
929 1735 1075 1835 singulo
1101 1759 1200 1834 aegro

231 1861 440 1960 praeparari
465 1871 591 1960 posset
614 1871 653 1932 et
676 1791 1012 1942 adiniuistreri.'Ad
1028 1858 1201 1960 quaestio·

231 2005 319 2056 nem
345 1993 468 2085 autem
491 1981 735 2082 propositam,
762 2005 810 2054 au
834 2005 921 2081 prae
946 1970 1100 2082 reliquis
1118 1999 1201 2054 cun·

232 2101 502 2180 valescentibus
527 2101 658 2177 morbo
684 2101 846 2205 recidivo
873 2099 997 2176 aliisve
1014 2101 1122 2176 malis
1142 2099 1202 2174 ol>

232 2215 500 2324 nordi‘lueriut,
519 2219 676 2324 quorum
694 2221 805 2310 febris
822 2221 931 2324 hujus
942 2219 1203 2308 =medicamenti

162 2349 164 2353 ’
232 2347 370 2420 viribus
397 2350 561 2447 cesserit,
586 2349 710 2420 minus
737 2345 863 2444 facile,
884 2369 966 2418 mea
983 2343 1123 2421 saltem
1131 2339 1201 2416 sola

233 2469 472 2568 experientia,
497 2466 711 2568 responderi
732 2478 855 2566 potest
872 2480 1024 2568 propter
1042 2463 1202 2541 eamdem

233 2615 426 2691 aegrorum
451 2591 622 2690 copiam,
648 2613 720 2690 qua
746 2589 889 2666 lactum
916 2603 993 2689 est,
1026 2604 1071 2664 ut
1101 2585 1200 2662 rebus

231 2715 449 2812 praegressis
466 2723 539 2784 aut
563 2709 705 2784 calamo
731 2707 973 2811 excipiendis,
992 2727 1058 2787 aut
1072 2729 1201 2788 memo

230 2833 286 2937 ria
311 2831 499 2908 servandis
525 2845 562 2906 et
587 2857 673 2908 oum
689 2834 856 2934 sequenti
879 2831 1096 2950 conditione
1122 2851 1199 2912 cou-
1273 2885 1274 2894 ι

233 2928 395 3029 ferendis
418 2951 524 3028 locus
549 2954 610 3032 vix
635 2953 755 3028 fuerit
783 2951 921 3028 Talem
937 2943 1033 3031 vero
1064 2967 1200 3032 tautum

233 3099 312 3150 uon
338 3101 482 3178 semper
506 3074 584 3152 vidi
609 3073 720 3178 hujus
745 3071 938 3176 pharmaci
954 3077 1127 3152 effectum
1146 3082 1199 3166 ul,

234 3197 366 3272 eodem
392 3225 413 3272 a
439 3197 540 3274 lehre
566 3197 898 3300 fracta'momento
931 3215 970 3274 et
993 3225 1060 3304 per
1084 3196 1198 3302 plures

153 3401 160 3418 ‚
233 3317 312 3394 dies
323 3321 500 3422 ,optimc
529 3319 712 3420 valerent,
739 3343 807 3396 nec
835 3320 881 3398 de
915 3319 989 3397 ullu
1022 3312 1198 3424 gravitatis

234 3453 297 3513 aut
321 3440 561 3541 plenitudinis
587 3444 808 3517 sensatione
821 3446 1014 3544 conquesti
1031 3445 1105 3520 siut
1122 3458 1199 3514 con·

232 3553 466 3638 valesceutes.
493 3565 573 3640 Imo
598 3564 709 3680 ctiam
735 3564 878 3640 miti
845 3591 966 3646 vasum
987 3579 1060 3666 est,
1077 3555 1198 3638 morbi

232 3679 298 3756 hes
315 3685 478 3760 residuas
495 3687 620 3826 potius
634 3699 774 3762 secutas
782 3667 898 3762 luisse
915 3690 1071 3764 omniuo
1087 3675 1197 3780 negle:

233 3815 354 3899 ctum,
375 3807 435 3884 vel
453 3810 588 3887 minori
607 3836 718 3913 quam
736 3809 790 3886 sas
808 3824 863 3888 est
880 3807 962 3888 dosi
979 3807 1195 3894 adhibitum,
