2542 4480
449 303 453 312 .
935 239 1015 316 ³155

80 351 293 435 ¹sensibilitas,
311 353 456 454 longius
488 354 601 431 etiam
632 351 844 455 perdurasse
877 358 1043 434 animad-

88 474 247 576 vertitur,
284 489 347 552 ant
379 476 568 578 principio
600 475 807 572 decrescere
841 495 1040 580 coeperunt

87 591 230 674 dolores·
247 599 286 672 in
323 597 486 700 poplite,
524 623 601 674 *nna
642 624 728 672 cum
758 585 1041 678 intumescentia

41 769 48 799 ι,
86 718 231 814 partium
254 720 476 820 vicinarum,
501 721 552 796 ita
577 733 620 794 ut
644 745 728 821 pars
745 724 911 823 superior
926 723 1041 796 femo-

85 835 128 910 ris
145 853 186 924 'et
209 839 359 920 tutanos
383 844 577 920 antetatis
609 856 648 918 et
679 868 744 943 pes
769 841 900 939 ,adhue
934 845 1041 920 valde
1096 939 1105 947 Α

85 965 228 1061 tumeat,
254 975 341 1039 cnm
364 963 463 1063 regio
488 963 640 1066 poplitis
666 978 704 1038 et
727 965 1040 1068 partesvicinae,

85 1099 102 1158 a
124 1087 424 1168 tumeretsensitn
445 1083 637 1186 liberatae,
662 1084 858 1186 flaccidae,
875 1085 975 1161 laxae
998 1113 1040 1162 ac

83 1206 349 1303 tonoptivatae
373 1195 624 1306 reperiantur,
656 1205 759 1308 quod
774 1210 944 1284 rnraxime'
978 1207 1042 1282 de-

82 1315 192 1400 forme.
210 1324 335 1402 reddit
359 1327 590 1426 mentum,
622 1343 660 1404 et
693 1328 827 1406 deinde
856 1331 1042 1409 evanescit
1071 1369 1073 1378 ‚

80 1435 244 1526 doloret
277 1439 428 1524 durities
460 1451 500 1524 iu
534 1451 681 1550 regione
712 1449 888 1550 inguinali
920 1465 960 1524 et
995 1449 1044 1522 ad

79 1553 164 1634 lalus
188 1563 337 1642 semorm
361 1571 572 1673 internum,
605 1571 670 1645 uhi
702 1570 931 1667 descendunt
956 1593 1042 1642 vasa

77 1683 227 1786 maiora,
261 1713 335 1789 quo
361 1689 481 1788 facto,
515 1693 675 1790 primum
707 1693 886 1766 minuitur
918 1705 1043 1764 tumor

76 1802 111 1878 in
134 1805 288 1907 femore,
315 1811 474 1912 denique
489 1813 530 1892 in
547 1813 719 1889 inferiore
747 1789 939 1889 anticruris
964 1837 1043 1912 par·
1114 1823 1117 1828 “

76 1935 107 1996 le
136 1941 172 2002 et
193 1931 317 2032 pede,
353 1933 540 2008 interdum
572 1933 763 2037 paululum
794 1935 1039 2009 oedematoso.

74 2043 191 2126 Rarius
216 2053 290 2130 alia
314 2057 460 2132 ratione.
480 2055 581 2130 hano
608 2037 928 2132 intumescentium
957 2080 1044 2130 eva-

74 2189 211 2248 nescere
237 2173 417 2275 vidimus,
448 2179 520 2252 nisi
552 2177 653 2278 quod
684 2177 892 2278 saepissime
917 2189 1045 2252 tumor

73 2285 107 2360 in
130 2289 226 2370 labio
253 2294 514 2396 pudendorum
536 2298 613 2371 iam
638 2311 745 2394 antea
769 2295 925 2393 recedit,
952 2293 1043 2368 dum
1104 2353 1107 2363 .

73 2409 187 2489 uduo
222 2419 266 2490 in
303 2431 380 2492 tota
420 2410 646 2494 extremitate
686 2403 793 2518 v'iget.
826 2414 1040 2513 Interdum,

71 2527 299 2612 decrescente
339 2549 509 2638 tumore,
555 2537 747 2638 glandulae
788 2529 1055 2640 lymphaticus

70 2656 346 2758 profundiores,
387 2684 480 2759 quae
521 2675 626 2736 antea
662 2660 710 2736 ob
748 2657 1040 2760 magnitudinem

67 2772 367 2855 intumescentiae
401 2779 523 2880 digitis
556 2780 675 2882 detegi
707 2807 786 2856 non
816 2793 1040 2882 potuerant,

66 2901 256 3000 perspicue
283 2901 471 2993 sentirlet
496 2903 714 2996 contrectari
740 2917 904 3003 possunt.
920 2900 1039 3000 ,Post-

67 3042 171 3116 quam
196 3037 322 3100 tumor
345 3025 489 3123 penitus
506 3026 672 3122 evanuit,
693 3005 805 3101 restat
820 3021 1039 3124 plerumque.

62 3141 306 3243 perlongum
332 3158 476 3246 tempus
502 3157 567 3230 atrt
588 3145 702 3226 nimia
731 3143 889 3220 membri
914 3142 1034 3215 affecti
1076 3145 1078 3150 ’

63 3255 283 3340 sensibilitas
306 3291 380 3342 una
406 3290 490 3342 cum
513 3265 716 3366 debilitate,
743 3268 948 3342 aut‘rnaior
972 3262 1036 3338 de«

60 3381 200 3488 bilitas,
226 3387 386 3489 paralysi
415 3381 648 3490 imperfectae
673 3414 751 3462 non
775 3383 975 3485 absimilis,
1000 3387 1031 3464 si

59 3487 192 3584 nervus
221 3509 372 3599 cruralis
399 3509 508 3583 simul
523 3515 600 3586 erat
613 3509 804 3611 correptus
829 3509 1033 3606 inflamma·

58 3625 157 3704 tione
183 3627 257 3704 hac
282 3629 507 3734 lymphatica
517 3626 536 3729 ,'
546 3629 696 3732 qualit,
712 3643 755 3704 ut
776 3631 831 3706 vis
855 3632 934 3704 eius
952 3654 1031 3702 mo«
1052 3700 1058 3709 .

57 3751 125 3826 trix
151 3749 266 3830 simili
292 3754 442 3830 fortasse
464 3754 623 3854 ratione,
651 3777 761 3858 quarn
787 3754 827 3830 in
851 3751 1030 3856 ischiada,
