2542 4480
76 1251 212 1404 Cum
236 1314 414 1422 antelios
431 1297 518 1418 scre
549 1329 683 1420 septem
715 1337 832 1392 annos
858 1315 1061 1393 celeberri.

68 1467 154 1518 mus
178 1439 350 1530 Aeneas,
373 1445 628 1564 praematura,
655 1435 771 1513 elren!
795 1437 898 1514 nobis
923 1463 1041 1540 aeque

70 1587 118 1638 ac
145 1562 267 1639 tuem
282 1574 393 1634 morte
410 1573 565 1658 ereptus,
588 1555 657 1634 sibi
677 1562 942 1658 proposuisset,
969 1583 1043 1631 om·

67 1688 134 1759 m‘a
161 1681 215 1755 od
232 1678 497 1803 plelegmasr‘am
521 1675 646 1752 elbam
674 1675 853 1754 dolentem
877 1691 1044 1778 spectan-

69 1809 123 1878 tia
140 1801 335 1900 colligere3
367 1814 421 1892 et,
453 1773 540 1874 leis
539 1823 609 1899 prro
642 1797 772 1876 viribus
799 1803 876 1877 suis
900 1803 1044 1874 eximiis

68 1923 267 2023 perpensis,
291 1943 450 2020 cumque
475 1923 534 2008 iis,
561 1943 657 2021 quoe
674 1925 896 2020 experientia
921 1926 1042 2023 ipsum
1175 1943 1180 1954 ’

69 2041 285 2132 edocuisset,
310 2044 374 2114 rite
398 2049 634 2140 comparens,
658 2038 762 2115 nobis
783 2043 975 2143 pollicitae
992 2069 1045 2120 es·

69 2157 451 2260 set'monogmplziam
476 2159 521 2234 de
547 2157 620 2234 lice
644 2157 770 2234 morbo
791 2167 924 2236 mrtem
950 2179 1044 2240 certe

70 2267 317 2382 exquisitam
339 2278 557 2383 perlegimus
573 2283 765 2390 nosuetiam
788 2305 849 2370 ea,
874 2307 971 2384 qrrae
984 2285 1049 2358 ad

71 2418 200 2478 omnes
216 2399 433 2474 Gennaniae
457 2399 615 2472 medicos
638 2403 798 2499 scripsit,
825 2405 873 2496 (1)
899 2427 1045 2502 rogans,

71 2537 119 2597 ut
143 2545 266 2596 omnes
289 2543 337 2594 cc
360 2518 526 2618 singulae
543 2517 588 2593 de
610 2515 685 2592 hac
708 2505 903 2620 affectione
928 2521 1046 2600 obsec

71 2646 235 2724 vationes
258 2663 385 2716 secum
400 2641 767 2730 communicamur,
791 2655 828 2716 et
850 2641 939 2718 lrur'c
964 2658 1046 2722 noto

72 2754 290 2862 obsequium
312 2771 497 2859 praestare
518 2783 589 2858 pro
610 2757 731 2860 efficio
752 2757 956 2876 habuimus.
973 2763 1049 2840 Sed

73 2888 210 2958 minem
232 2884 306 2954 iam
330 2891 409 2952 arm
432 2877 536 2954 nobis
546 2878 649 2998 finit,
673 2881 817 2956 illum
802 2909 841 2957 m
865 2869 1045 2963 eaemita·

73 3012 171 3084 tione
195 3008 282 3080 artis
306 2983 449 3078 nostrae
472 3001 644 3078 salutans
649 3057 663 3095 ‚
695 3009 817 3104 eigirrtz
839 3022 979 3081 annos
981 3035 1044 3083 su·

70 3139 238 3230 perunte,
262 3149 337 3199 non
360 3128 506 3225 saepius
531 3127 725 3224 quinquies
749 3124 853 3198 hunc
877 3099 1045 3203 morbum

75 3247 278 3326 observasse
308 3245 385 3343 (ι),
417 3267 504 3319 cum
532 3241 707 3319 nobismet
741 3249 872 3345 ipsis
857 3271 895 3319 ιιι
928 3249 1045 3345 pomo

75 3371 218 3446 triennii
237 3357 354 3466 spatio
366 3355 540 3466 fhcultas
572 3377 662 3440 essct
693 3363 780 3438 data
812 3363 925 3444 nnius
950 3365 1044 3468 αθὲ-
1073 3376 1079 3398 ¹

7 3557 11 3580 ,
75 3492 203 3566 ctiora's
234 3500 366 3587 quater·
395 3483 646 3562 observandae.
678 3485 764 3586 Quo
783 3485 939 3588 flectam
972 3503 1043 3580 est,

61 3625 119 3684 ut
140 3605 295 3684 decbium
319 3604 422 3681 nobe
442 3605 632 3695 videmur,
656 3631 752 3681 num
771 3633 834 3707 ea,
860 3631 958 3710 quae
982 3606 1043 3681 ob·
1130 3688 1136 3696 ,

73 3713 214 3808 servare
238 3725 340 3803 nobis
364 3732 579 3827 contigemt,
612 3751 693 3804 uem
718 3725 831 3806 leuues
853 3717 1044 3828 phlegma-

75 3855 151 3927 sr'ae
171 3847 346 3949 exempla
379 3845 606 3940 autenm,
630 3871 699 3926 uec
726 3855 799 3928 ne?
822 3845 898 3926 Sed
919 3871 1042 3924 omme

170 3987 196 4046 l.
213 3983 422 4044 rimi-vir.
439 3985 487 4044 111.
909 3985 947 4041 t*
1047 3975 1059 3988 “
