2570 4482
972 319 995 370 a

84 423 249 488 autnon
263 410 326 486 din
351 414 450 487 satis
471 412 733 539 continuatam
755 411 941 518 Sulphatis
968 321 1046 503 clii·

66 534 182 608 ninas
209 549 324 610 usum.
392 545 402 556 “

508 705 660 871 sss

130 943 186 1017 De
211 945 254 1018 iis
280 963 377 1045 quae
402 946 529 1022 docuit
552 941 772 1028 cadaverum
798 951 1004 1050 inspectio.'

111 1143 114 1152 ’
140 1142 193 1234 Ut
217 1169 295 1218 una
321 1145 396 1220 sere
422 1147 532 1221 iacies
554 1146 700 1246 morbi,
726 1147 778 1223 sie
801 1132 1042 1253 necrologiae.

72 1259 120 1338 De
151 1263 223 1340 bac
251 1281 374 1346 autem
400 1267 629 1348 monendum
650 1281 733 1370 est,
759 1297 956 1348 numerum
981 1271 1049 1362 ba·
1136 1346 1137 1354 ,

57 1409 147 1458 rum
172 1385 474 1466 observationum
499 1417 576 1469 non
597 1415 673 1466 esse
699 1417 892 1495 magnum,
918 1421 1039 1498 neque

74 1529 175 1604 ornae
218 1491 420 1626 complecti
450 1511 689 1623 epidemiae
712 1527 888 1616 ternpus:
927 1543 1045 1618 quan·

74 1631 236 1704 tumvis
226 1635 328 1706 enim
360 1632 489 1713 faciles·
524 1659 600 1708 esse
639 1633 759 1710 solent
793 1638 891 1711 cives
925 1642 1045 1713 nostri

72 1747 106 1822 in
129 1749 351 1831 cadaverum
383 1755 606 1832 sectionibus
641 1737 896 1858 admittendis,
929 1757 1045 1834 Medi·

72 1891 110 1943 eo
134 1881 217 1948 noni
238 1887 383 1952 tantum
409 1879 588 1978 fuito'tii,
613 1894 657 1956 ιιι
676 1882 836 1982 inpraxi
854 1882 1045 1960 communi

71 1989 128 2072 has
152 1999 365 2098 susciperet.
395 1997 452 2082 Ob
478 2001 647 2078 eamdem
669 2007 815 2077 causatu
827 2058 837 2101 ,
864 2003 976 2078 etiam
1000 2003 1043 2076 in

69 2109 306 2218 Nosoconnio,
330 2117 439 2222 hujus
463 2123 516 2194 rei
541 2123 689 2198 initium
707 2143 792 2198 wnon
818 2123 960 2199 iactum
985 2136 1041 2197 est

14 2301 15 2306 ,
70 2251 145 2312 ante
167 2265 340 2316 mensem
367 2243 547 2317 Octobris.
574 2245 826 2345 Quaecunque
855 2245 967 2342 igitur
993 2243 1040 2316 de

14 2379 15 2384 ¹
69 2353 131 2434 bae
144 2364 319 2463 materie,
337 2377 518 2465 quantum
534 2364 584 2440 ad
598 2391 677 2439 rem
695 2379 861 2440 nostram
878 2364 1042 2464 faciunt,

14 2511 15 2514 ¹
68 2475 224 2568 breviter
250 2485 582 2564 hic·inveniuntur
614 2501 766 2588 notata,
785 2471 925 2562 'omnia
958 2499 1046 2560 sunt

69 2625 107 2676 ex
121 2604 379 2690 observatione
398 2607 494 2682 Clar.
516 2589 721 2709 Hennnrrs,
745 2599 904 2712 collegae
929 2620 1046 2680 aestu·

69 2726 274 2828 malissimi,
301 2733 404 2831 cujirs
430 2730 585 2807 consilio
605 2757 650 2808 ac
668 2717 903 2831 diligentiae,
924 2731 964 2802 in
989 2728 1045 2801 in·

71 2849 240 2928 struendo
265 2861 303 2924 et
327 2851 580 2940 conservando
602 2851 679 2928 boe
696 2847 880 2956 bospitio,
905 2848 1044 2926 multos

73 2965 244 3054 debemus
269 2989 434 3080 servatos
462 2978 570 3052 cives.
641 3056 651 3064 ..

105 3095 195 3168 Ex
219 3069 410 3175 iuuenum
426 3109 611 3174 sectorum
643 3123 799 3175 numero
831 3097 1044 3200 107histo-

73 3208 140 3314 ria,
163 3239 244 3301 non
269 3241 387 3330 pauca
412 3217 509 3293 trahi
533 3235 728 3319 possunt,
746 3243 863 3320 quae,
891 3243 1043 3320 compes

73 3347 144 3410 rata
161 3361 249 3416 curn
266 3323 523 3421 observatione
539 3343 579 3414 in
597 3322 883 3441 aegrotantibus,
902 3338 1043 3416 iaciunt

74 3452 116 3532 ad
138 3473 306 3546 naturam
325 3474 363 3538 et
380 3485 527 3538 causam
545 3462 664 3539 morbi
683 3461 948 3562 explicandam
967 3459 1044 3534 Ho-

75 3577 151 3654 rum
181 3581 387 3681 rationem,
422 3583 583 3661 numeris
622 3588 853 3686 expressam,
887 3603 1042 3684 sequena

76 3693 216 3780 docebit
242 3702 376 3782 nbula.
