2594 4476
973 263 1040 366 175

113 387 270 466 effectum
301 389 460 470 vidimus
491 391 555 482 (ni
588 385 721 462 Elueet
745 385 874 460 'tamen
904 408 970 486 per
1003 411 1063 484 so,

113 501 201 586 hono
217 512 434 586 sententiam
448 534 547 584 more
563 507 842 610 hypotheticam
858 531 950 606 esse,
965 505 1068 608 quod

113 632 240 734 etipse
273 631 400 708 white
430 629 647 714 intellexisse
679 627 843 728 videtur,
876 653 961 702 oum
994 627 1067 702 ulio

112 749 186 830 looo
204 753 252 848 (3)
276 753 526 851 uffimsven't,
543 741 773 850 statuendum
790 749 941 824 tortasse
958 747 1067 823 fuisse

110 872 434 974 inflammationem,
448 899 515 974 per
528 874 759 974 pressionem
770 871 899 971 ospitis
914 869 1066 944 infantis

110 995 146 1068 io
165 1007 314 1084 truncus
340 985 512 1072 vasorum
540 991 855 1096 lymphatieorum
887 1005 1067 1091 exortam,

108 1115 136 1192 oi
158 1117 282 1221 psimis
305 1130 393 1216 post
416 1128 566 1217 portum
596 1113 724 1188 diebus
748 1101 1067 1190 sese‘osundisset

109 1232 192 1311 hoec
228 1235 396 1336 effectio,
437 1260 522 1310 oum
560 1260 648 1311 vero
686 1234 902 1338 plerumque
940 1232 1062 1342 plures
1093 1239 1097 1250 “

107 1369 184 1457 post
207 1359 353 1432 enixum
379 1355 457 1432 dies
483 1357 593 1438 fuerit
617 1357 825 1457 efformata,
849 1355 950 1432 huuc
967 1381 1067 1432 mon·

107 1474 508 1570 tumtnflammationis
535 1480 697 1553 accusari
722 1503 800 1551 non
824 1503 941 1579 posse.
968 1478 1068 1552 nou

106 1621 184 1672 meu
208 1597 309 1674 nuile
336 1598 572 1696 meseratio,
601 1623 667 1672 cur
682 1596 941 1697 inflammatio,
966 1622 1065 1698 pres·

104 1717 202 1810 stioue
234 1720 368 1820 ospitis
390 1718 550 1794 ‘infantis
581 1718 622 1792 in
655 1717 868 1820 guaviditoto
901 1731 939 1792 et
970 1719 1068 1792 inter

107 1853 243 1938 partum
276 1853 373 1940 osta,
405 1865 484 1914 non
516 1841 627 1915 etiem
652 1840 774 1942 plures
799 1853 884 1942 post
917 1853 1066 1942 portum

106 1953 347 2036 hebdomades
372 1961 536 2062 incipiat,
566 1963 596 2036 si
622 1961 757 2036 lentius
782 1985 859 2036 sese
889 1963 1066 2038 efformet.

106 2080 274 2173 Quamvis
300 2107 367 2157 nos
391 2107 479 2158 vero
504 2079 601 2156 hano
633 2081 888 2158 mechanicam
910 2085 1067 2162 influm-

106 2191 293 2302 mationis,
332 2228 443 2304 quam
475 2203 602 2304 utique
637 2201 723 2276 huie
756 2203 887 2292 morbo
920 2203 1067 2281 subesse

106 2323 374 2423 contendimus,
399 2324 580 2398 rationem
614 2348 691 2397 non
724 2348 982 2423 agnoscam-us,
1014 2337 1069 2396 tu·

104 2467 185 2525 men
209 2467 289 2522 non
313 2443 543 2544 negabimus,
560 2445 789 2546 pressionem
806 2430 935 2545 cepitis
951 2446 1070 2520 infan-

106 2563 149 2640 tis
183 2565 461 2668 dispositionem
499 2563 548 2638 od
580 2564 676 2640 haue
714 2557 1081 2668 inflammationem-7.

104 2697 227 2786 postes.
250 2712 328 2760 sese
352 2687 621 2785 efformantem‚
647 2711 838 2787 procreare
858 2711 978 2789 posse.
995 2689 1069 2761 De·
1181 2725 1194 2738 ·

104 2806 211 2908 uiquo
236 2809 362 2882 mirari
386 2833 595 2908 possumus,
622 2808 722 2910 quod
746 2807 890 2910 White,
916 2811 981 2912 qui
1009 2835 1071 2884 na·

105 2937 220 3010 tusum
243 2928 366 3006 morbi
389 2927 710 3006 inflammatouiom
735 2955 811 3005 non
829 2934 1009 3032 agnoseit,
1031 2935 1070 3006 in

66 3057 73 3066 “
105 3050 221 3148 ptimo
258 3051 335 3124 eius
367 3049 486 3125 stadio
517 3049 735 3126 methodum
767 3051 942 3127 medendi
976 3055 1071 3126 onti-

101 3165 357 3270 phiogistiesm
387 3171 571 3270 laudavit,
606 3197 680 3272 quo
714 3173 852 3273 utique·
878 3172 1070 3246 ostendere

106 3273 267 3392 videtur,
292 3319 349 3391 se,
374 3289 463 3368 licet
488 3291 598 3366 eliam
623 3291 803 3366 studuerit
825 3287 981 3394 probare
998 3303 1076 3366 s'en·

103 3413 274 3512 tentiam,
300 3411 388 3486 muli
413 3426 582 3486 naturam
597 3410 917 3488 inflammatorism
932 3414 1074 3490 inficias

101 3528 156 3604 iro
181 3557 257 3611 non
282 3533 443 3634 potuisse
482 3533 541 3627 (d).
568 3530 732 3607 Tertiam
765 3531 810 3608 do
846 3559 953 3608 eausa
986 3559 1072 3635 pro·

106 3651 215 3726 ximo
238 3645 477 3755 seutentiam,
503 3653 631 3727 salsam
667 3654 808 3753 etiam,
838 3670 881 3740 ut
916 3657 1088 3754 opinor·,‘

107 3793 217 3872 pem
243 3774 498 3852 celeberrimus
514 3773 641 3853 Alhers
660 3773 856 3852 defendere
873 3773 1075 3878 vel-potius
