2542 4480
292 260 368 354 'red

265 405 356 456 sene
378 379 571 481 falluntur,
599 380 670 485 qui
705 384 891 462 consuetis
925 399 1088 462 ceterum
1117 395 1227 464 ‚rene

266 501 336 576 diis
360 501 626 579 resolventibus
647 517 685 578 et
706 503 1116 606 diureticis,‘mercurio
1139 508 1225 584 dulci

263 621 325 713 vel
356 620 470 696 herba
500 621 658 724 digitalis
691 651 896 726 purpureae
930 641 1116 706 tumorem
1138 625 1227 704 hunc

254 757 304 820 et
327 741 536 846 hydropem
560 743 745 821 debellare
767 745 938 845 student,
960 749 1024 847 qui
1049 770 1228 850 perperam

165 913 172 932 .
259 889 410 966 ¹qunque
436 865 591 940 Corticis
615 867 811 950 Peruviani
838 868 923 942 usui
937 885 965 940 'a
982 851 1090 967 plebe
1107 868 1228 944 adscri-

148 1009 150 1015 ·
263 981 391 1083 bitur,
423 982 513 1072 dnm
544 1010 565 1058 e
597 998 725 1076 centra
750 984 812 1060 rel
836 991 908 1086 ipsi
930 991 1111 1066 murmuri
1130 990 1228 1087 petu-

264 1107 355 1185 dosc
378 1110 418 1179 in
442 1130 591 1206 corpore
617 1121 774 1197 mutuo,
798 1105 867 1180 sed
888 1106 1006 1182 fracto
1027 1111 1175 1208 jamjam
1197 1121 1227 1182 et

264 1225 431 1327 plexibus
457 1225 751 1302 ubdcminalibus
778 1227 1011 1302 incumbenti
1029 1241 1139 1306 'certe
1164 1247 1228 1302 cer·

149 1425 155 1438 ,
264 1347 339 1421 tius
365 1344 548 1420 debeatur.
566 1346 821 1442 certissimum
839 1347 945 1446 vere,
963 1361 1000 1420 et
1018 1347 1120 1449 quod
1135 1347 1228 1427 tietb

262 1463 555 1548 ‚substructionem
593 1466 703 1543 simul
740 1490 826 1540 cum
858 1461 1029 1567 hydrope
1061 1469 1227 1542 tutissime

265 1585 453 1689 dispellat,
477 1585 681 1664 remedium
706 1585 862 1660 babetur
886 1585 946 1662 vel
970 1589 1011 1660 in
1031 1585 1114 1686 illa,
1130 1609 1227 1690 mun

265 1722 372 1784 antea
387 1707 627 1807 laudavimus,
644 1708 783 1782 acrium
799 1705 1045 1792 remediorum
1063 1706 1226 1804 formula,

261 1829 327 1905 ,vel
351 1843 388 1902 et
413 1831 453 1902 in
478 1831 593 1930 ipsius
620 1828 776 1903 Corticis
809 1847 894 1900 eum
928 1825 1072 1900 acribus
1097 1851 1227 1901 connu-

265 1947 348 2045 bio,
373 1947 479 2049 quale
500 1959 644 2048 prostat
659 1949 700 2020 in
717 1953 875 2025 tinem
892 1944 1029 2023 claritate
1041 1951 1226 2047 compositu

266 2065 472 2142 Huxbami
502 2049 833 2168 Pbarmacopceue
864 2065 1158 2144 Hannoseranae
1185 2068 1226 2157 (ι)

265 2187 460 2290 subjuncta
485 2188 618 2262 eximio
645 2211 730 2264 cum
755 2187 878 2262 fructu
904 2185 1060 2286 refracta
1079 2191 1151 2264 vini
1168 2190 1226 2283 ipe

267 2305 484 2384 cucumulae
509 2308 602 2398 desi,
620 2312 722 2409 eujus
740 2305 889 2406 quidem
905 2305 1077 2404 remedii,
1096 2303 1226 2382 acribus

42 2437 45 2446 '
138 2477 141 2482 -
179 2443 181 2447 '
269 2443 365 2503 certe
392 2426 683 2528 adnumerandi,
712 2429 865 2501 virtutes
895 2426 943 2500 ad
969 2425 1226 2527 dispellendum
1267 2423 1268 2482 l

268 2547 468 2649 hydrupcm
487 2575 630 2650 vagum,
646 2549 669 2622 i.
688 2573 718 2622 e,
735 2549 799 2650 qui
816 2573 838 2620 a
853 2547 1037 2649 principio
1057 2545 1225 2622 subtiliori
1267 2487 1268 2549 l

141 2703 144 2712 ¹
266 2672 387 2748 nervis
411 2669 647 2746 incumbente
672 2671 804 2768 oritur,
828 2666 955 2742 laudat
980 2665 1225 2744 celeberrimus
1266 2715 1267 2724 κ

1159 2868 1162 2873 .

1264 3073 1266 3214 l

573 3021 931 3050 w

272 3264 312 3330 (ι)
328 3256 369 3335 m.
390 3261 486 3315 cortu.
503 3259 574 3317 cln'n.
583 3259 684 3328 fuscae
698 3275 792 3329 grem
808 3255 886 3315 mado
900 3256 1052 3328 patuerim.
1071 3271 1131 3312 eut.
1147 3252 1176 3321 ij·

361 3347 469 3404 mou
486 3359 552 3402 cert.
569 3358 675 3401 aurant
694 3363 755 3400 urse.
773 3329 808 3414 ἰβ

362 3436 469 3492 neuen
485 3447 629 3505 serpentar.
648 3431 704 3504 eiij.

364 3525 521 3578 Coccionell.
538 3541 626 3594 serrap.
644 3522 673 3593 1'1‘·

364 3613 442 3666 Cruci
459 3629 547 3680 semp.
566 3609 599 3664 ἰν.
626 3644 630 3654 ·

362 3700 431 3772 Spir.
450 3700 506 3752 vini
523 3697 629 3768 rectilis.
648 3713 709 3754 unc.
727 3697 789 3756 M

428 3787 519 3860 Differ.
536 3799 563 3842 et
577 3783 643 3854 βίον.
