2594 4476
961 285 1004 334 αι

126 461 133 474 ,
162 379 398 456 Pertraotatis
423 378 475 452 sic
502 375 642 466 nostrie
657 377 955 484 aegrotantibus,
968 401 974 414 ·
987 288 1063 484 pdo-

92 526 243 602 rumque
262 497 322 573 die
347 500 467 600 primo
484 501 559 572 iem
575 498 742 571 febris-et
766 499 912 574 dolores
928 502 1061 603 paulu-

91 613 168 724 lum
188 605 423 719 remiserunt,
441 633 478 692 et
494 619 553 692 die
573 621 705 719 'quinto
721 621 778 708 ita¹
790 621 864 694 iam
881 621 1062 698 deminuti

93 755 194 841 sunt,
219 756 263 814 ut
288 741 398 815 febris
431 744 549 840 paene
581 753 822 838 euanesceret
846 756 884 816 et
917 741 1086 832 dolores¹

93 873 169 950 nori
195 861 349 962 amplius
373 860 601 942 lancinantes
618 863 925 962 persentirentur,
940 891 1064 964 quam-

93 985 147 1059 vis
171 996 293 1084 partes
307 982 538 1067 'tumefactae
565 981 685 1056 adhuc
712 985 826 1068 nimia
851 998 972 1057 essent
987 1011 1065 1062 sen·

94 1103 265 1178 sibilitete
291 1102 477 1205 praeditae
503 1118 541 1176 et
565 1101 785 1178 dolosificae.
808 1104 897 1178 Post
924 1120 1067 1182 sextum

96 1225 194 1332 dem
218 1226 361 1326 saepius
388 1237 510 1298 tumor
533 1226 611 1324 ipse
645 1223 821 1299 decedere
855 1229 994 1328 coepit,
1030 1243 1068 1304 et

93 1345 324 1420 hebdomade
342 1359 425 1445 post
441 1344 627 1418 interdum
648 1344 761 1444 plane
773 1349 848 1418 iam
870 1344 1066 1448 disparuit,

94 1464 180 1565 nisi,
198 1468 327 1544 ‚causis
361 1464 565 1540 faventibus
573 1519 585 1562 ,
609 1465 775 1577 restabat,
792 1465 967 1540 chronica
1001 1468 1068 1544 ba·

95 1611 178 1663 rum
203 1588 364 1687 partium
388 1587 679 1665 intumescentia,

169 1707 381 1808 Numquam
412 1707 682 1783 observavimus
715 1696 909 1808 largiorem
940 1710 1068 1787 urinae

97 1831 337 1914 secretionem
363 1831 429 1928 (ι),
458 1854 543 1902 cum
567 1842 688 1902 tumor
709 1829 926 1932 decedebat,
944 1857 1069 1932 quam·
1117 1879 1121 1886 ·

96 1973 208 2052 quam
232 1952 357 2051 uu'que
385 1948 541 2024 abeunte
568 1941 679 2023 febre
704 1952 873 2026 criticum
904 1953 945 2028 in
971 1951 1067 2030 lotio

92 2069 470 2176 animadvertebamus
502 2064 747 2146 sedimentum
759 2127 771 2172 ,
799 2099 918 2174 ¹quare
955 2077 1068 2150 etiam

96 2189 207 2266 nobis
245 2195 365 2266 visum
384 2289 387 2294 Ι
403 2206 481 2290 est,
520 2192 767 2269 remediorum
806 2193 1070 2273 diureticorum
1179 2269 1180 2272 ,

95 2339 166 2386 usu
183 2317 231 2406 (a)
253 2317 293 2386 in
317 2313 404 2388 hoc·
422 2315 569 2414 morbo,
586 2315 617 2386 si
634 2328 741 2390 acute
757 2313 973 2415 dicurreret,
992 2341 1072 2390 non

97 2459 194 2535 opus
219 2461 313 2534 esse,
348 2429 467 2536 neque
501 2424 624 2510 etiam
644 2434 930 2538 diaphoeticaa
963 2436 1071 2510 nobis

95 2550 240 2628 laudari
266 2549 434 2655 possunt,
461 2581 546 2628 cum
576 2554 754 2656 plurimae
772 2549 999 2654 aegrotantes
1012 2581 1073 2630 su-

63 2677 69 2684 '
95 2673 252 2756 dotibus
277 2675 499 2774 maduerint,
525 2677 588 2776 qui
607 2677 748 2775 optime
766 2679 803 2748 e't
826 2665 1071 2778 cummagno

96 2794 375 2870 levamiue=sub
400 2822 468 2868 usu
498 2795 744 2872 remediorum
777 2794 902 2874 alvum
933 2796 1073 2872 ducen-

94 2918 195 3002 tium
220 2915 510 2992 evanescebant.-

99 3085 145 3147 (ι)
164 3080 328 3138 Contentus
339 3080 438 3152 Casper
454 3081 482 3133 in
492 3081 572 3134 tertia
582 3082 669 3134 morbi
680 3080 803 3150 historia,
820 3081 873 3150 loc.
899 3082 944 3136 cit.
956 3097 1015 3152 pag.
1026 3069 1082 3150 64,Ι

100 3175 145 3237 (a)
164 3169 301 3225 Diuretica
318 3169 399 3237 magis
418 3168 452 3220 ob
475 3167 676 3220 similitudinem
696 3168 775 3220 huius
791 3166 879 3220 morbi
906 3183 967 3224 oum
989 3167 1071 3224 ocde-
1121 3199 1124 3204 ,

165 3264 236 3309 mate
252 3255 352 3327 pedum
370 3255 480 3308 laudata
501 3254 649 3322 credimus,
671 3271 752 3325 quam
774 3253 809 3306 ob
832 3271 923 3306 musae
940 3271 956 3306 e
974 3261 1071 3308 natura

166 3341 454 3414 morbi.tepromptas;
473 3343 511 3394 sic
528 3341 697 3394 commendat
713 3341 870 3411 Wettberg,
887 3341 938 3394 loc.
950 3342 996 3394 cit.
1010 3357 1072 3412 pag·

165 3433 206 3500 6.,
223 3449 370 3486 cremorem
387 3431 481 3483 tartari
499 3437 526 3482 et
542 3429 688 3484 tincturam
708 3428 839 3498 digitalis,
861 3430 899 3483 sic
920 3429 967 3482 atii
988 3427 1077 3482 medi··

73 3526 84 3584 ¹,
166 3519 191 3572 ci
208 3518 252 3574 rel
268 3518 335 3572 haec
353 3517 397 3572 vel
414 3518 466 3570 alia
482 3517 712 3588 praescripserunt
728 3517 846 3572 remedia
863 3517 1002 3574 diurctica.

181 3649 219 3722 Si
251 3651 338 3724 ver'o
371 3647 521 3722 alteram
554 3651 838 3749 extremitatem,
871 3645 1072 3729 decedente

98 3772 254 3851 atterius
279 3785 441 3866 tumore,
466 3769 557 3844 haec
582 3769 820 3848 inflammatio
843 3765 1087 3844 adoriebatur·

234 3910 261 3970 l.
277 3907 367 3968 Frank
378 3910 485 3965 -Vob
502 3909 547 3968 ΙΙΙ.
914 3923 945 3962 ιο
