2542 4480
276 299 346 376 116
599 375 613 390 ,

243 421 404 498 febrium
428 421 672 526 paroxysmis·
687 421 805 496 instar
836 424 1004 498 oninium
1031 437 1082 500 est
1093 417 1112 523 ,‘
1127 425 1190 529 pal·
1254 429 1255 456 ³

244 537 348 618 mam'
368 547 574 646 praeripere
586 529 720 619 ¹visum
741 541 860 646 luerit.
877 543 1018 618 Eadem
1035 553 1192 650 ceterum,

243 687 338 764 quae
362 668 403 746 in
426 661 755 742 intermittentibus
787 663 988 766 praescribi
1020 651 1130 766 solet,
1151 674 1195 744 vi·

147 784 150 788 ’
246 765 468 888 ctus-ratio,
499 790 541 862 iu
573 785 745 860 omnibus
778 767 926 886 quoque
958 785 1112 862 febrium
1139 814 1194 866 no·

243 921 404 985 strarum
434 906 625 1010 speciebus
664 902 901 982 saluberrimi
937 906 1017 983 luit.
1059 907 1196 986 Eritatis

245 1031 390 1132 itaque,
426 1055 519 1134 quae
555 1054 689 1105 nocere
723 1019 990 1132 quammaxime
1029 1030 1196 1134 solebant,

242 1151 430 1252 farinosis,
454 1151 673 1254 pinguibus,
701 1149 816 1226 a'cidis
841 1163 878 1226 et
902 1149 1115 1254 lacticiniis,
1138 1179 1197 1232 car·
1255 1221 1256 1228 ,

246 1278 351 1350 nium
386 1273 669 1350 macilentorum
705 1272 869 1378 juscula,
906 1273 967 1349 vel
1003 1289 1042 1350 et
1070 1275 1198 1350 eaedem
1255 1275 1256 1332 ἐ

245 1413 412 1498 asenne,
434 1411 473 1472 et
495 1395 595 1498 sale,
628 1385 778 1500 pipere,
810 1394 964 1508 aliisque
998 1395 1198 1506 aromatibus
1255 1398 1256 1408 ’

246 1518 442 1620 conditae,
466 1517 578 1594 simul
604 1545 691 1595 cum
716 1521 804 1596 vino
838 1545 1014 1620 generoso
1045 1509 1102 1597 vel
1127 1517 1198 1592 Gal·

115 1635 120 1640 ’
246 1641 321 1720 lico
346 1641 406 1720 vel
428 1641 642 1718 Lusitanico
667 1641 804 1746 rubro,
837 1644 1103 1746 quammaxime
1127 1665 1197 1720 cou·

251 1763 384 1842 ducere
409 1765 486 1844 risa
511 1778 609 1842 sunt

504 2055 764 2133 cornu
839 2059 974 2136 xri.

308 2367 311 2372 ,
349 2299 476 2377 'Cura
489 2272 619 2404 flabris
633 2267 839 2406 paludosae
865 2253 1087 2420 cepbalicae.
1132 2317 1138 2331 ’

296 2493 588 2577 ‘Gravissimam
613 2515 651 2578 et
671 2495 757 2606 prae
776 2505 905 2580 ceteris
921 2491 1094 2580 lethalem
1112 2503 1211 2584 luisse,

219 2715 222 2722 ‚
251 2621 352 2697 illam
377 2623 499 2700 morbi
526 2617 710 2728 speciem,
736 2617 846 2730 quam
866 2622 981 2721 febris
1006 2647 1200 2730 soporatae,
1257 2711 1258 2734 ,

104 2803 108 2816 ,
246 2743 474 2838 comatosae,
497 2741 756 2847 lethargicae,
772 2751 957 2822 coroticus
980 2737 1043 2826 'vel
1073 2763 1106 2826 et
1137 2766 1206 2846 apo
1257 2737 1258 2744 '

247 2865 424 2965 plasticae
460 2866 529 2941 sub
567 2867 677 2944 titulo
713 2863 1041 2970 pertractavimus,
1079 2868 1201 2952 dictum

89 3070 92 3076 ,
180 3087 183 3093 ¹
250 2985 331 3060 luit.
357 2986 429 3065 Pro
456 2991 554 3066 varia
581 3003 703 3064 antem
735 2989 848 3093 hujus,
877 2993 1130 3094 symptomatis
1158 2989 1202 3062 in·

249 3110 419 3186 tensitate
445 3111 596 3188 diversls
620 3111 798 3186 utendum
825 3111 887 3186 hic
914 3111 984 3187 fuit
1007 3113 1114 3190 Artis
1122 3107 1203 3184 auxi·
1255 3151 1258 3232 ,

247 3229 323 3333 liis,
348 3235 445 3310 inter
470 3258 563 3335 quae
581 3261 766 3310 summum
782 3233 919 3338 ubique
937 3235 1008 3309 fult
1023 3230 1202 3314 emicant

82 3451 87 3461 x
221 3356 339 3456 lorgi
361 3355 410 3430 ad
434 3355 598 3440 uncham
624 3341 842 3458 applicatio,
870 3363 976 3460 cujus·
992 3355 1137 3460 quidem
1160 3375 1201 3427 re

244 3476 357 3552 medii
383 3476 543 3554 efficacia
569 3478 693 3554 simul*
711 3504 798 3556 curu
823 3480 1032 3581 sinapismis
1057 3473 1199 3554 fortiori·

246 3596 316 3674 bus
349 3599 442 3674 snris
473 3599 533 3676 vel
565 3615 602 3676 et
638 3599 787 3702 plautae
827 3601 932 3706 pedis
964 3599 1141 3703 impositis
1171 3595 1201 3666 in
1257 3669 1258 3696 ,

247 3717 412 3797 levandis
439 3722 569 3824 capitis
595 3721 850 3800 affectionibus
871 3725 1054 3828 soporosis
1079 3711 1202 3796 nudari

250 3845 337 3922 satis
362 3845 499 3948 nequit
525 3846 582 3921 Ex
606 3843 793 3924 trunceta
814 3871 901 3926 vero
926 3845 1046 3928 morbi
1070 3849 1202 3956 natura,
