2570 4482
939 269 1003 366 41

83 396 229 472 medium
256 397 391 471 mensis
423 396 631 499 sequentis,
654 394 792 471 ‘funere
824 391 1033 493 infantum,

84 510 221 620 quorum
246 521 381 622 quippe
406 518 482 594 vita
499 544 542 594 ae
557 519 692 592 sanitas
718 541 740 588 a
765 515 1028 618 perspiratione

81 641 179 740 magis
203 637 361 740 pendeat
374 639 546 738 ,suenus
571 637 762 739 triplissata.

144 759 175 854 4.
199 760 426 859 Post'haeo,
457 773 592 836 aestate
617 741 815 860 maturiore
849 756 1039 858 dissipatis

79 883 144 978 jam
161 881 357 982 vaporibus
381 882 522 985 aqueis,
550 893 629 956 tam
653 880 746 978 agn's
767 879 902 952 exustis
920 902 1031 978 quam

78 1001 201 1098 ingenti
226 1026 381 1082 numero
407 1002 512 1094 fossis
537 1000 795 1102 atquealveis,
822 996 954 1100 equam
980 1011 1033 1072 te·

77 1143 150 1194 nere
173 1119 308 1221 solitis,
325 1103 390 1197 'sol
415 1119 547 1198 ardens
571 1122 721 1204 extorsit
747 1122 900 1214 miasma
924 1143 1031 1196 vens·

11 1315 12 1322 *
76 1255 204 1333 natum,
229 1241 367 1318 indolis
392 1243 568 1319 obscurae
596 1241 765 1346 quidem,
790 1240 856 1316 sed
881 1241 1031 1316 nornine

11 1359 12 1390 ³
75 1361 232 1440 Paludosi
257 1355 367 1465 atque
393 1364 525 1440 effectu
551 1361 725 1474 deleterio
751 1361 904 1438 Medicis
921 1363 1031 1438 notis·

11 1531 13 1536 ·
76 1505 205 1558 smum.
1025 1579 1028 1588 .

11 1627 12 1634 ¹
137 1603 170 1678 5.
196 1606 281 1681 Ηοο
307 1609 514 1708 miesmate‚
540 1603 721 1708 simulque
737 1605 953 1706 persistente
978 1597 1047 1676 ar·'
1141 1595 1144 1602 ⁴

74 1721 171 1826 dore,
204 1728 319 1804 febris
350 1727 507 1827 biliosa,
539 1726 748 1804 asthenieae
782 1730 857 1826 jam
881 1737 1032 1798 naturas

73 1850 103 1936 (i
123 1845 153 1920 5.
162 1853 198 1948 ),·
212 1851 312 1924 enea
337 1847 534 1927 dimidium
558 1849 714 1950 Augusti.
734 1848 870 1930 sensim
883 1843 1033 1923 'mutate

73 1971 150 2044 est
139 1996 178 2048 ru
203 1971 367 2072 purioris
397 1973 488 2072 typi
506 1971 838 2050 Intermittentem·
828 2023 840 2069 ,
872 1969 935 2048 sul
967 1967 1033 2044 sd-

71 2086 145 2166 dita
160 2117 204 2168 ex
229 2093 422 2192 ipsissimis
429 2091 517 2168 his
532 2095 654 2172 causis
656 2089 922 2200 symptomata
948 2107 1031 2174 nst·

70 2233 149 2304 rea,
163 2197 412 2294 assensiones
450 2213 639 2288 viseerum
667 2209 975 2294 ebdominulintn
991 2223 1037 2292 et

70 2331 220 2434 sambri,
260 2358 347 2410 eum
373 2315 512 2410 mirlto'·
533 2337 673 2434 maiore
704 2329 921 2431 debilitate,
932 2334 1044 2410 eam

68 2453 312 2530 reddiderunt
339 2453 650 2556 periculosiorem.
683 2432 904 2555 Speoifioum
939 2467 1029 2531 vero

68 2571 292 2675 sntiiebrile,
325 2578 385 2652 eui
416 2575 529 2652 eire'a2
547 2574 759 2654 solstitium
775 2572 933 2651 morbus
955 2573 1032 2674 jem

69 2713 218 2774 cesserat
230 2707 243 2796 ‚'
267 2703 367 2772 outre
393 2695 876 2800 stiam‹suffioere=·minims
902 2693 1032 2800 desiit,

68 2820 148 2915 quin
177 2823 298 2894 immo
315 2817 507 2894 'Autidosi
532 2819 714 2920 praestitit
750 2819 865 2894 eires':
904 2817 1038 2924 iteret*

66 2931 162 3038 longe
187 2939 313 3042 plures
337 2939 516 3016 homines.
531 2953 692 3018 seruatos
717 2938 980 3046 gauderemus.
999 2941 1036 3015 si

66 3049 224 3155 pluribus
249 3059 299 3134 ad
321 3059 421 3134 huno
447 3059 573 3168 salutis
599 3059 742 3134 sontem
759 3057 1038 3156 fnissetaditns¹

133 3177 167 3257 6.
194 3183 262 3256 Sin
286 3205 373 3256 vero
396 3193 590 3282 quaeratur
606 3207 671 3254 cur
688 3178 761 3254 hoe
776 3181 947 3278 miasma-²
964 3193 1042 3278 pro'

65 3322 159 3376 mors
185 3325 271 3401 suo,
289 3327 365 3378 non
381 3303 504 3402 potius
521 3297 694 3374 morbum
708 3295 932 3401 'typhoidem
948 3325 1036 3400 pro,

69 3417 205 3498 duxerit
230 3447 342 3525 quam
366 3421 697 3496 intermittentemi
729 3423 822 3496 ratio
848 3411 900 3498 rei
927 3422 1032 3528 forsi-

67 3554 124 3618 tan
142 3543 309 3648 ¹peteuda
342 3545 412 3618 erit
444 3545 485 3616 in
522 3567 729 3644 praegressa
766 3544 879 3644 ipsius
899 3567 1033 3642 aquae

67 3665 194 3765 eopia3
225 3646 319 3768 quae
331 3699 349 3765 ‚¹
375 3665 444 3738 etsi
485 3663 690 3764 generalem
726 3663 847 3762 morbi
886 3687 1032 3746 oausam

68 3786 202 3860 auxerit
213 3841 225 3888 ‚
263 3783 311 3860 ab'
350 3780 462 3858 altera
495 3795 598 3886 parte
636 3781 778 3860 efficere
810 3783 955 3884 potuit,
988 3785 1031 3855 ut
