2570 4482
263 415 266 422 ·
317 394 399 486 Qua
425 393 575 496 quidem
600 391 646 466 de
672 417 710 467 re
737 393 914 496 quiequid
946 397 1010 495 sit,
1044 395 1192 475 diversae

242 512 387 604 saltem,
415 540 507 616 quae
528 515 668 612 regioni
684 511 830 590 nostrae
852 515 899 588 ab
916 517 1018 591 omni
1044 531 1194 620 tempore

243 633 345 734 haud
368 633 497 711 leviter
521 624 1047 734 fficubberubt,jaegri‚lddines
1073 639 1121 735 (ι)
1137 641 1195 714 fre·

243 758 392 859 quentid
418 781 531 858 aeque
558 783 601 831 ac
627 741 753 832 indole
778 756 922 830 differre
954 757 1195 858 observantur,

243 878 405 978 utrisque
430 877 602 954 divisioni
625 875 848 952 memoratae
874 879 1027 953 omnino
1038 879 1196 954 naturali

242 998 564 1098 respondentibus.
575 999 684 1071 Dum
700 999 799 1072 enim
823 1000 863 1071 in
888 1013 992 1098 parte
1005 1013 1123 1074 terrae
1142 993 1209 1074 no*
1267 1055 1268 1094 ι

242 1129 337 1191 strae
351 1117 548 1218 devotiori,
562 1129 643 1214 aere
655 1118 853 1194 salubriore
868 1119 1022 1220 perflata
1036 1147 1197 1222 aquisque
1210 1193 1217 1208 ,
1267 1157 1268 1194 T

241 1237 449 1336 purioribus
471 1240 613 1314 fruente
638 1242 760 1314 minor
785 1239 828 1313 in
850 1265 980 1339 genere
998 1237 1198 1318 observetur

239 1357 456 1434 morborum
471 1359 659 1478 numerus,
676 1359 855 1470 paludosa
881 1387 900 1434 e
914 1354 1058 1436 contra
1075 1377 1111 1436 et
1127 1385 1198 1467 pro
1267 1377 1268 1380 ’

241 1479 392 1556 sandius
416 1483 534 1612 posita
559 1483 717 1598 regionis
747 1495 892 1554 nostrae
926 1479 1033 1582 plaga
1069 1481 1199 1557 fertilis·

240 1602 375 1676 simum
407 1592 510 1678 ouini
541 1617 703 1704 tempore
738 1601 903 1675 exhibuit
940 1603 1199 1702 aegritudinum

141 1757 145 1764 ·
242 1719 408 1798 fomitem
420 1775 432 1823 ‚
464 1727 561 1798 inter
591 1749 681 1824 quas
706 1722 863 1829 febrium
888 1725 1200 1798 intermittendum
1268 1793 1269 1818 p

243 1865 373 1940 agmen
406 1845 458 1916 ita
493 1869 581 1944 prae
617 1844 745 1918 ceteris
780 1844 936 1915 emicare
973 1843 1200 1938 observatur,
1268 1833 1269 1844 ¹

242 1974 286 2036 ut
308 1961 368 2036 vel
392 1961 496 2074 nullo
522 1965 633 2078 totius
659 1965 746 2041 anni
780 1977 945 2066 tempore
969 1964 1110 2040 ibidem
1134 1979 1201 2038 non

240 2073 421 2159 occbrrat:
454 2085 551 2188 Dein
571 2109 692 2185 vero,
731 2085 835 2186 quod
867 2097 904 2188 et
936 2083 980 2160 el.
1014 2077 1199 2160 Patronus

120 2195 127 2204 ’
242 2201 288 2302 de
310 2185 488 2286 Flandria
504 2221 648 2318 monet,
669 2203 923 2324 principalem
932 2218 969 2280 et
994 2209 1129 2324 quovis
1141 2231 1201 2278 au·

160 2382 164 2392 .
239 2337 372 2423 tumno
397 2342 639 2414 revertentem
671 2327 841 2418 morbum
873 2325 989 2400 febris
1020 2325 1202 2403 constituit

241 2449 327 2536 oum
351 2447 679 2560 symptomatibus
688 2447 851 2564 biliosis
860 2431 1054 2548 incedens,
1088 2411 1201 2524 cliole·
1269 2529 1270 2536 χ

239 2559 301 2640 rae
327 2567 453 2664 similis
463 2594 652 2670 ‚neque
645 2581 770 2640 tamen
800 2591 885 2642 vera
918 2567 1085 2668 cholera,
1118 2577 1201 2668 quae

242 2669 399 2798 effluviis
414 2622 603 2788 paludosis
624 2690 803 2803 originem
820 2689 897 2762 sine
917 2661 1030 2764 dubio
1059 2669 1201 2814 deberis,

241 2807 355 2902 magis
389 2809 555 2882 minusve
588 2795 789 2914 epidemice
831 2809 1026 2916 quotannis
1058 2795 1200 2908 regnat,

241 2939 280 3000 et
303 2926 344 2998 in
372 2927 675 3035 intermittentem
703 2931 904 3044 graviorem
934 2941 972 3008 et
994 2927 1201 3027 longaevam

241 3049 393 3156 transire
419 3023 627 3148 consuevit,
641 3051 717 3123 imo
734 3047 818 3122 vel
808 3073 890 3162 ipsa
907 3073 951 3122 ex
966 3051 1200 3142 intermitten-

240 3148 334 3240 tium
359 3166 457 3240 tribu
482 3168 585 3280 quasi
609 3153 843 3270 transfugisse
869 3170 1001 3246 merito
1027 3181 1214 3244 censetur.

238 3269 323 3360 deri
348 3313 435 3372 vero
452 3275 604 3402 palustri
621 3302 761 3363 tantam
778 3289 878 3364 haud
894 3303 1029 3363 temere
1051 3311 1073 3364 a
1099 3279 1198 3366 nobis

238 3395 349 3482 tribui
365 3411 587 3509 potentiam,
602 3431 645 3484 ex
662 3410 915 3512 sequentibus,
929 3401 995 3488 ubi
1012 3407 1058 3488 de
1079 3399 1197 3492 eaussa
1266 3447 1270 3456 ·

563 3665 881 3700 sun-m

242 3813 284 3880 (ι)
303 3753 481 3866 riarum
497 3809 565 3865 ta·
598 3843 601 3851 ·
640 3777 644 3830 ἶ
